2820 4882
142 581 197 620 Μ).
208 580 264 618 1⁰68.

146 1677 201 1716 An.
213 1678 269 1715 1069.

146 1728 225 1776 Bishop
234 1728 258 1766 of

146 1777 243 1817 Durhsm

146 1827 283 1876 imprisoned.

301 392 324 454 6
559 407 693 453 noonnr
717 405 764 451 nn
787 403 992 450 wunnovnn

302 565 552 647 primogenitus
578 557 792 627 ¹Willelmus
821 560 935 624 Rufus
957 567 993 624 et
1018 559 1194 624 Robertus
1216 559 1252 622 in

305 664 522 729 Normannia
546 664 619 726 nati
642 663 783 725 suerunt
809 668 994 743 antequam
1014 668 1116 742 pater
1132 679 1251 723 eorum

304 764 468 845 Angliam
494 764 709 847 subjugaret.
761 761 891 824 Eodem
918 781 1009 824 anno
1034 781 1098 824 rex
1116 759 1252 825 Willel-

304 885 381 927 mus
407 865 561 928 Roberto
588 862 706 925 comiti
725 861 819 923 dedit
842 859 1171 924 Northanhumbriae
1195 880 1252 925 co·

305 965 476 1039 mitatum,
494 965 549 1026 cui
577 962 696 1025 statim
719 959 873 1024 homines
900 960 992 1023 illius
1016 959 1169 1041 regionis
1192 960 1254 1023 ad·

305 1071 484 1127 versantes
499 1062 613 1145 ipsum
627 1081 705 1123 cum
721 1060 905 1140 nongentis
918 1060 1002 1122 viris
1018 1079 1160 1123 suorum
1178 1079 1255 1141 per-

306 1171 481 1242 emerunt3
513 1162 572 1226 sed
599 1181 662 1224 rex
684 1160 880 1224 Willelmus
914 1161 1161 1241 superveniens
1184 1179 1256 1223 orn-

306 1283 367 1327 nes
382 1264 485 1347 hujus
500 1263 550 1325 rei
567 1268 702 1325 actores
716 1279 826 1342 usque
840 1260 883 1322 ad
900 1280 1008 1322 unum
1025 1259 1164 1322 delevit.

381 1434 554 1520 Eyelrt‘ouS,
569 1435 783 1499 Duoebmeneis
797 1436 964 1521 episcopus,
980 1437 1014 1499 io
1029 1458 1181 1500 carcerem

355 1535 358 1541 ’
705 1535 856 1599 truditur.

359 1660 463 1726 Anno
479 1662 619 1725 Domini
635 1678 772 1725 Muxix.
791 1670 959 1726 venerunt
973 1663 1112 1745 quidam
1135 1663 1181 1725 ad
1206 1681 1259 1726 re·

310 1780 387 1841 gem
396 1762 621 1836 Willelmum,
640 1762 909 1825 Dunelmensem
924 1763 1123 1844 episcopum
1134 1756 1257 1843 ²Egel-

310 1861 418 1923 ricum
435 1861 478 1923 de
495 1860 569 1944 ejus
586 1861 780 1942 proditione
796 1869 1021 1938 accusantes3
1040 1863 1099 1944 qui
1115 1863 1150 1924 in
1161 1863 1257 1938 villa,

309 1981 388 2044 quae
404 1962 561 2041 Burgum
576 1959 713 2038 dicitur,
731 1981 752 2023 a
769 1963 860 2043 regis
881 1963 1045 2025 ministris
1061 1970 1197 2043 captus,
1214 1963 1258 2025 ad

309 2061 657 2126 westmonasterium
689 2061 858 2125 adductus
896 2070 961 2138 est,
992 2063 1056 2124 sub
1093 2062 1258 2125 carcerali

311 2163 470 2227 custodia
495 2160 729 2225 detrudendus
743 2182 752 2239 3
775 2170 810 2225 et
823 2169 946 2243 postea
960 2160 1123 2243 Augusto
1141 2181 1258 2225 mense

310 2259 417 2325 irater
440 2263 515 2345 ejus
539 2261 752 2341 EgelwinuS,
777 2261 930 2345 ejusdem
954 2261 1020 2325 loci
1044 2261 1157 2324 factus
1186 2263 1258 2344 epi·

311 2379 449 2441 scopuS,
476 2360 542 2422 suit
564 2361 599 2422 in
623 2361 866 2424 exterminium
889 2360 1073 2442 relegatus.
1127 2361 1258 2425 Eodem

311 2479 393 2522 vero
422 2467 587 2541 tempore,
614 2461 705 2523 inter
731 2460 800 2524 duo
827 2461 916 2524 festa
941 2463 1051 2524 beatae
1070 2461 1196 2525 Mariae
1222 2464 1258 2525 in

312 2566 490 2636 autumno,
510 2568 677 2623 venerunt
699 2561 760 2623 filii
782 2560 899 2624 Swani
916 2572 951 2624 et
967 2561 1075 2624 frater
1088 2562 1164 2645 ejus
1191 2562 1257 2626 Os·

310 2660 437 2722 bernus
452 2659 494 2722 de
511 2679 619 2740 regno
629 2661 810 2726 Danorum
827 2681 904 2724 cum
918 2654 1108 2742 cogonibus
1124 2669 1258 2726 trecen·

311 2759 356 2821 tis
384 2760 417 2821 in
433 2759 610 2840 Angliom,
634 2768 673 2823 ut
695 2781 811 2842 regem
827 2760 1040 2824 Willelmum
1068 2762 1111 2823 ab
1127 2759 1259 2844 Anglia

311 2861 558 2937 exturbarent3
587 2880 732 2942 quorum
759 2861 929 2924 adventus
954 2881 1031 2924 oum
1057 2860 1259 2943 divulgatus

312 2957 445 3034 fuisset,
463 2961 622 3022 exierunt
636 2959 705 3021 illis
728 2961 865 3023 obviam
882 2961 1064 3042 Eadgarus
1081 2960 1258 3043 Etheling,

312 3055 404 3121 filius
419 3058 593 3135 Edwardi,
607 3067 642 3122 et
659 3059 879 3125 Waltheofus
903 3080 1030 3137 oomeS,
1044 3080 1122 3123 cum
1139 3062 1258 3125 multis

312 3157 463 3221 millibus
480 3166 703 3236 armatorum,
719 3161 897 3242 cupientes
920 3181 1037 3225 eorum
1058 3161 1189 3224 auxilio
1207 3182 1259 3225 re-

313 3276 391 3338 gem
405 3259 619 3322 Willelmum
640 3280 763 3342 capere
784 3267 818 3323 et
835 3262 965 3324 carceri
979 3261 1077 3323 illum
1091 3271 1259 3343 perpetuo

314 3359 520 3440 mancipare.
573 3360 673 3423 Tunc
686 3360 816 3423 foedere
832 3361 1045 3436 confirmato,
1058 3359 1192 3443 junctis
1207 3364 1259 3425 vi·

314 3458 409 3520 ribus
434 3459 476 3521 ad
504 3459 698 3522 Eboracum
718 3460 907 3536 venientes
931 3462 1050 3523 urbem
1078 3479 1157 3523 cum
1182 3481 1259 3526 oas-

315 3557 397 3620 tello
414 3559 620 3639 quantocius
634 3566 858 3640 occuparunt,
874 3566 909 3622 et
926 3560 1036 3623 multa
1048 3559 1173 3622 ibidem
1198 3561 1258 3625 ho·

314 3657 445 3720 minum
476 3658 584 3720 millia
614 3666 852 3740 peremerunt3
885 3658 1007 3722 deinde
1029 3659 1179 3743 majores
1203 3682 1262 3724 ur·

315 3756 366 3818 bis
392 3764 427 3819 et
452 3758 637 3838 provinciae
654 3759 799 3822 vinculis
825 3759 1111 3840 constringentes,
1128 3761 1261 3824 tamdiu

314 3875 373 3919 eos
388 3856 570 3921 crudeliter
584 3860 802 3940 torquebant,
818 3878 997 3941 quousque
1018 3878 1135 3923 omnes
1151 3860 1262 3924 facul-

348 4055 356 4085 ¹
373 4057 508 4107 Willelmur
516 4057 595 4117 Rufus
601 4064 626 4108 et
634 4060 773 4122 unbertus]
834 4057 1017 4124 ²Egelrtrum.]
1035 4061 1160 4122 Compare
1175 4063 1266 4123 above,

310 4127 392 4257 ξὲξθεὲ
415 4143 501 4178 names
523 4128 614 4178 should
640 4131 671 4179 be
693 4135 774 4180 trans·
800 4131 849 4179 vol.
861 4131 878 4180 i.
890 4145 916 4191 p.
928 4134 985 4179 496.
