2820 4882
335 399 401 462 300
594 412 728 459 sooner
753 414 799 460 oe
823 413 1029 462 wsuoovea

130 619 135 630 ,
173 582 296 621 eund·
338 569 478 634 vadium
504 578 540 634 et
565 570 717 653 plegium
746 570 861 633 standi
886 570 1019 653 judicio
1047 569 1203 635 ecclesiae
1231 568 1292 631 ubi

171 632 326 723 iiiffiissif
336 670 574 735 absolvuntur.

338 817 342 821 .
388 769 485 832 Laici
507 789 577 849 non
599 770 725 833 debent
748 767 918 844 accusari,
944 767 1020 830 nisi
1032 787 1096 850 per
1116 775 1229 835 certos
1254 775 1290 831 et

336 867 509 950 legitimos
528 876 750 933 accusatores
771 875 806 933 et
828 875 936 932 testes
958 868 994 930 in
1012 868 1200 950 praesentia
1216 867 1289 948 epi·

337 967 445 1049 scopi,
475 966 527 1031 ita
558 967 652 1049 quod
684 967 947 1032 archidiaconus
976 985 1046 1029 non
1076 966 1200 1049 perdat
1228 966 1290 1048 jus

335 1084 438 1145 suum
464 1086 528 1131 nco
553 1068 738 1149 quicquam
761 1067 853 1149 quod
880 1064 960 1130 inde
987 1065 1114 1128 habere
1143 1064 1288 1143 debcat3

337 1173 373 1228 et
386 1166 416 1229 si
433 1165 523 1230 tales
539 1165 679 1242 suerint,
702 1166 762 1247 qui
784 1165 981 1248 culpantur,
1001 1163 1094 1246 quod
1117 1185 1187 1235 non
1203 1164 1288 1228 velit

337 1265 393 1327 vel
416 1285 485 1328 non
510 1265 636 1330 audeat
661 1264 787 1346 aliquis
813 1283 978 1328 accusare
1000 1282 1073 1342 eos,
1095 1264 1288 1327 vicecomes

336 1363 524 1445 requisitus
559 1365 602 1427 ab
633 1364 796 1446 episcopo
823 1362 931 1426 faciat
958 1362 1079 1445 jurare
1107 1361 1289 1426 duodecim

337 1460 468 1542 legales
489 1462 645 1542 homines
670 1462 713 1526 de
740 1463 874 1527 visneto
900 1462 975 1526 sive
997 1460 1040 1524 de
1063 1462 1149 1526 villa
1170 1481 1290 1524 coram

337 1561 511 1644 episcopo,
528 1562 620 1644 quod
635 1562 818 1626 veritatem
836 1560 1024 1626 secundum
1039 1561 1289 1625 conscientiam

336 1679 436 1727 suam
454 1660 736 1726 manifestabunt.

345 1786 348 1791 ·
389 1759 516 1824 Nullus
532 1761 593 1842 qui
610 1761 653 1823 de
667 1779 749 1842 rege
766 1766 861 1823 tenet
877 1760 914 1822 in
930 1761 1055 1843 capite,
1077 1779 1141 1824 nec
1161 1759 1289 1842 aliquis

336 1857 585 1941 dominicorum
601 1860 836 1924 ministrorum
853 1858 940 1942 ejus,
960 1859 1289 1937 excommunicetur,

336 1978 400 2022 nec
418 1959 566 2043 alicujus
591 1979 709 2023 eorum
730 1967 831 2022 terrae
852 1960 916 2022 sub
942 1959 1125 2023 interdicto
1153 1977 1288 2039 ponan-

338 2066 406 2135 tur,
430 2058 497 2141 nisi
519 2059 614 2141 prius
640 2057 799 2121 dominus
825 2077 900 2134 rex,
921 2057 952 2121 si
977 2057 1012 2120 in
1037 2077 1146 2139 regno
1171 2057 1289 2134 fuerit,

337 2159 575 2240 conveniatur,
592 2158 648 2221 vel
660 2157 876 2240 justiciarius
894 2157 982 2240 ejus,
1007 2157 1037 2221 si
1059 2156 1163 2220 fuerit
1185 2164 1289 2220 extra

265 2322 268 2326 ,
337 2276 494 2338 regnum,
517 2265 557 2321 ut
576 2264 708 2332 rectum
733 2257 833 2319 deco
855 2255 986 2335 faciat3
1011 2257 1123 2333 etita,
1139 2263 1178 2321 ut
1194 2256 1288 2338 quod

336 2357 522 2438 pertinebit
536 2355 581 2420 ad
592 2357 684 2438 regis
702 2356 832 2419 curiam
849 2354 896 2419 ibi
907 2354 1121 2433 terminetur,
1135 2356 1171 2419 ct
1185 2355 1229 2418 de
1246 2375 1288 2418 eo

335 2456 426 2536 quod
441 2463 576 2538 spectat
589 2456 634 2518 ad
650 2455 780 2518 curiam
797 2454 1067 2517 ecclesiasticam
1084 2454 1129 2518 ad
1143 2454 1288 2518 eandem

336 2554 495 2619 mittatur
512 2562 551 2618 ut
568 2554 692 2617 ibidem
711 2554 923 2616 terminetur.

386 2653 441 2716 De
455 2653 761 2736 appellationibus,
778 2652 809 2715 si
825 2653 1037 2729 emerserint,
1055 2653 1099 2716 ab
1116 2652 1289 2716 archidia-

336 2770 423 2815 cono
451 2746 593 2816 ¹debent
625 2750 810 2835 procedere
835 2752 879 2815 ad
908 2751 1120 2834 episcopum,
1146 2752 1191 2815 ab
1213 2753 1288 2834 epi·

336 2869 441 2934 scopo
467 2852 510 2914 ad
535 2851 843 2934 archiepiscopum,
873 2857 921 2928 et,
949 2851 980 2914 si
1006 2850 1287 2934 archiepiscopus

336 2948 484 3015 defuerit
504 2951 542 3015 in
563 2950 704 3034 justitia
730 2950 936 3027 exhibenda,
960 2947 1005 3013 ad
1032 2950 1210 3014 dominum
1231 2971 1287 3014 re-

335 3068 414 3129 gem
446 3050 713 3132 perveniendum
745 3056 799 3112 est
830 3056 1017 3130 postremo,
1043 3057 1083 3113 ut
1110 3057 1288 3132 praecepto

335 3148 444 3230 ipsius
466 3150 617 3212 incuria
637 3148 886 3231 archiepiscopi
912 3149 1149 3212 controversia
1170 3150 1289 3212 termi-

335 3254 451 3325 netur,
468 3248 518 3312 ita
542 3248 633 3331 quod
663 3267 733 3311 non
752 3242 871 3312 ²debet
889 3248 983 3312 ultra
1005 3246 1191 3330 procedere
1207 3249 1288 3312 abs-

333 3366 403 3428 que
419 3367 568 3412 assensu
585 3346 714 3411 domini
731 3347 834 3428 regie.

385 3446 422 3510 Si
450 3447 623 3511 calumnia
649 3445 826 3510 emerserit
852 3445 942 3508 inter
968 3445 1128 3508 clericum
1158 3453 1195 3510 et
1222 3447 1287 3510 lai·

334 3547 506 3622 cum,ch
536 3567 556 3609 e
584 3565 762 3622 converso,
794 3545 836 3624 de
870 3544 941 3608 ullo
969 3551 1163 3609 tenemento
1193 3545 1286 3628 quod

296 3648 299 3652 ’
335 3645 481 3708 clericus
505 3645 590 3710 velit
612 3645 656 3708 ad
686 3645 938 3727 eleemosynam
963 3643 1111 3721 trahere,
1138 3645 1195 3709 vel
1221 3645 1286 3708 lai·

335 3763 396 3807 cus
419 3744 464 3807 ad
490 3744 617 3808 laicum
644 3743 794 3821 feodum,
817 3764 879 3826 per
905 3743 1173 3825 recognitionem
1199 3745 1285 3808 duo·

334 3843 445 3909 decim
474 3843 639 3925 legalium
665 3843 842 3907 bominum
864 3843 973 3926 juxta
997 3842 1156 3923 capitalis
1177 3842 1285 3926 justi-

334 3943 432 4006 ciarii
457 3944 549 4024 regis
566 3943 877 4006 considerationem
894 3941 1146 4018 terminabitur,
1169 3950 1287 4006 utrum

368 4126 480 4177 'Debent
495 4096 642 4193 peredere]
667 4129 794 4179 ‘Debebit
857 4125 954 4176 ²Debet
966 4128 1032 4176 ultra
1044 4127 1199 4191 procedere]
1217 4088 1290 4177 ‘De-

330 4197 434 4258 procedi
443 4197 460 4259 ς’
476 4200 555 4250 wilk.
821 4199 880 4248 beat
889 4199 956 4248 ultra
967 4197 1068 4260 procedi
1077 4191 1093 4258 ς’
1109 4196 1191 4248 wilk.
