2820 4882
368 428 506 476 riorus
529 428 798 476 msronrrnun.
990 412 1056 476 333

103 586 178 649 fero
195 585 239 648 de
255 604 404 667 persona
422 594 495 661 tna,
512 605 615 667 qnam
640 586 669 648 si
692 587 726 647 in
751 602 860 648 meam
880 585 1053 665 propriam
1067 599 1188 688 &43⁰⁹-

104 703 288 766 personam
317 683 412 748 virus
440 703 541 747 sunm
570 684 793 761 evomuisset,
823 693 859 747 et
887 683 966 747 idco
992 698 1195 788 Prfflffilgss,

103 791 199 847 certo
222 784 324 870 scias,
349 783 443 864 quod
469 803 534 864 ego
561 802 697 847 omnem
718 802 859 865 operam
881 782 972 847 dabo
994 803 1057 865 per

104 882 281 947 dominum
310 900 437 964 papam
470 890 505 946 et
535 903 596 964 per
629 901 746 962 regem
783 882 995 945 Francorum
1021 889 1057 945 et

106 1001 169 1063 per
183 1000 301 1044 omnes
324 981 454 1043 amicos
468 1000 575 1057 meos,
592 980 684 1062 quod
705 981 748 1043 dc
765 988 893 1046 caetero
908 1000 977 1043 non
996 1001 1058 1062 po-

105 1081 189 1143 terit
211 1080 310 1143 nobis
333 1099 396 1144 nec
419 1099 527 1162 regno
553 1087 671 1143 nostro
698 1098 842 1159 nocere3
865 1079 957 1144 unde
977 1080 1057 1143 volo

106 1187 142 1243 et
162 1179 318 1255 consulo,
339 1178 431 1261 qnod
455 1186 495 1243 tu
516 1179 654 1243 interim
680 1179 775 1242 nullo
799 1179 902 1243 modo
922 1179 959 1241 in
982 1179 1058 1241 ani·

104 1298 163 1342 mo
179 1286 240 1342 tno
258 1278 418 1355 turberis,
432 1297 495 1359 pro
511 1286 607 1342 certo
621 1271 801 1355 ¹sciturus,
819 1277 924 1359 qnod,
940 1278 970 1341 si
988 1277 1071 1340 Ro.

106 1397 198 1440 mam
225 1377 320 1440 adire
343 1376 507 1453 volueris,
531 1377 648 1439 omnia
677 1377 871 1440 necessaria
896 1377 941 1440 ad
966 1377 1059 1440 viam

106 1476 151 1540 de
183 1495 260 1541 meo
292 1475 356 1540 tibi
387 1475 635 1541 honorabiliter
666 1482 703 1538 et
731 1474 939 1540 sufficienter
963 1476 1059 1540 inve·

107 1573 226 1641 niam)

108 1747 201 1822 Quod
216 1747 345 1833 tapetia
355 1768 447 1832 papa
464 1747 631 1811 enitantur
644 1744 808 1830 adparere
827 1746 1059 1830 reformandam

156 1847 239 1911 inter
270 1867 367 1932 repom
395 1855 424 1910 a
457 1845 577 1911 barma
614 1844 773 1921 Ticinum,
807 1845 1059 1910 Oantaariensan

155 1945 427 2031 arelipiserpnm.

158 2061 306 2133 Eodem²
332 2086 423 2132 anno
451 2067 548 2131 missi
572 2075 656 2133 sunt
677 2069 747 2132 duo
773 2066 882 2150 legati
904 2087 926 2132 a
948 2069 1055 2135 latere
1068 2089 1192 2140 nepam

106 2168 234 2231 summi
256 2166 441 2249 pontilicis,
456 2165 630 2233 Vivianus
652 2175 688 2232 et
710 2167 914 2245 Gratianus,
934 2175 973 2232 ut
992 2189 1055 2250 pa·
1067 2140 1219 2250 ii‘ffl'iii

107 2286 183 2330 cem
198 2267 289 2332 inter
306 2286 423 2348 regem
439 2264 578 2346 Anglia·
596 2275 632 2333 et
649 2267 946 2351 archiepiscopum
962 2266 1055 2331 Can·
1066 2240 1205 2279 ⁰⁰¹¹⁰¹¹¹⁸⁸¹⁰⁰'

107 2366 317 2430 tnariensem
335 2364 580 2455 reformarent3
604 2366 665 2430 sed
683 2386 829 2449 quorum
845 2375 921 2430 erat
939 2375 1055 2448 potes-

108 2473 163 2529 tas
186 2465 344 2546 aequalis,
359 2483 418 2528 eos
437 2465 555 2527 varius
577 2464 801 2548 disjungebat
820 2464 976 2543 affectae,
994 2486 1057 2530 nec

108 2565 187 2628 finis
204 2565 319 2646 potuit
333 2564 488 2627 invenire
505 2564 704 2641 concorden,
722 2565 782 2646 qui
797 2565 842 2627 ab
859 2564 957 2628 initio
974 2574 1058 2631 vota

107 2671 332 2744 susceperant
349 2670 419 2726 tam
431 2661 594 2741 diversa;
617 2656 696 2726 ³sed
711 2664 802 2727 sicut
818 2683 923 2745 penes
941 2685 1057 2745 regem

109 2762 302 2826 Gratianus
325 2762 473 2843 gratiam
495 2780 565 2825 non
581 2763 726 2839 invenit,
742 2763 792 2826 sic
810 2782 873 2827 nec
890 2764 982 2845 apud
1000 2783 1056 2827 ar-

109 2861 363 2943 chiepiscopum
376 2858 561 2924 Vivianus.
598 2861 686 2925 Cum
698 2861 805 2943 igitur
816 2863 859 2925 de
871 2882 957 2945 pace
968 2871 1057 2927 trac-

109 2960 219 3024 taturi
239 2960 276 3023 in
305 2959 521 3023 Normannia
543 2960 634 3042 apud
667 2960 817 3023 Baiocas
839 2981 877 3025 se
907 2962 999 3042 regis
1021 2972 1057 3026 et

110 3058 358 3140 archiepiscopi
378 3060 619 3141 conspectibus
640 3068 901 3141 praesentarent,
920 3067 955 3123 et
976 3069 1057 3142 post

109 3166 281 3223 tractatus
308 3159 494 3221 immensos
517 3178 588 3241 pax
613 3177 689 3222 esse
714 3160 750 3221 in
772 3158 891 3242 januis
917 3160 960 3222 ab
982 3179 1056 3223 om·

110 3258 211 3323 nibus
229 3257 438 3334 crederetur,
463 3257 582 3322 literas
609 3257 678 3322 illis
703 3259 831 3324 direxit
846 3259 1056 3336 Willelmus,

109 3357 318 3422 Senonensis
340 3356 630 3440 archiepiscopus,
650 3357 687 3421 in
708 3360 833 3441 quibus
855 3358 1055 3422 contineba-

109 3464 178 3533 tur,
208 3475 252 3520 ne
279 3456 353 3520 sine
375 3455 484 3538 ipsius
507 3457 730 3533 conscientia,
753 3458 843 3520 sicut
865 3476 887 3519 a
915 3456 1054 3520 domino

107 3574 201 3638 papa
223 3556 259 3618 in
283 3555 455 3621 mandatis
481 3564 696 3638 acceperant,
717 3557 755 3618 in'
779 3555 1055 3620 reconciliatione

108 3654 334 3737 procederent
351 3653 520 3719 facienda.
549 3655 608 3718 Sic
626 3656 696 3719 duo
712 3655 832 3736 legati,
850 3654 977 3719 infecto
995 3675 1056 3718 ne·

108 3755 218 3836 gotio,
234 3773 256 3818 a
270 3754 363 3835 regis
380 3755 476 3817 curia
493 3762 730 3830 recesserunt3
759 3755 868 3818 noluit
885 3754 976 3817 enim
993 3774 1057 3818 rex

144 3961 153 3994 ¹
166 3957 307 4032 Scitam]
319 3962 465 4012 ‘Sectnrns’
476 3963 503 4011 in
515 3962 572 4014 MS.
633 3959 735 4027 ³Sed]
752 3963 805 4012 The
821 3963 907 4012 letters
923 3961 952 4012 oi
966 3963 1060 4012 vivian

596 4036 623 4081 to
634 4034 677 4082 the
686 4048 752 4094 pope
763 4031 814 4081 and
822 4031 864 4080 the
876 4031 949 4093 king,
959 4047 989 4081 as
999 4032 1060 4081 well

144 4099 259 4152 'Eodem
277 4101 377 4164 nnuc.]
403 4101 505 4164 Diceto,
523 4102 573 4152 col.
598 4102 729 4151 asthatoi
738 4100 1061 4166 BeckettoGratian,may

110 4176 168 4222 55⁰.
598 4172 630 4221 be
642 4187 702 4221 seen
713 4172 739 4220 in
750 4172 795 4221 lib.
803 4172 841 4220 iii.
852 4186 912 4234 epp.
924 4172 1061 4222 lxii-lxiv.
