2820 4882
306 377 372 442 366
560 392 694 441 uocum
720 394 767 440 nn
790 391 996 441 wuunovuu

145 572 200 611 au·
213 569 268 610 ¹1⁷1·
307 555 462 619 berniam
484 556 641 633 intravit,
671 555 731 618 ubi
757 551 1007 636 archiepiscopi
1039 559 1074 616 et
1101 553 1258 635 episcopi

307 654 420 738 ipsum
444 656 479 718 in
506 674 623 736 regem
652 661 687 718 et
716 653 892 717 dominum
924 659 1132 735 receperunt
1161 660 1197 715 et
1227 653 1259 716 ei

308 754 510 819 fidelitatem
534 755 752 839 juraverunt.
807 747 983 834 ¹Regulus
1010 751 1054 815 de
1080 751 1259 829 Limeleie,

308 853 449 935 regulus
481 854 525 918 de
558 853 683 931 Chore,
715 859 751 917 et
774 851 928 934 regulus,
959 851 1019 935 qui
1047 848 1258 915 Monoculus

308 952 498 1031 dicebatur,
522 953 553 1016 ei
577 952 775 1034 homagium
797 951 1031 1035 juraverunt;
1064 950 1258 1015 Rodericus

308 1059 424 1117 autem
445 1051 586 1135 regulus
605 1052 648 1115 de
671 1050 832 1124 Comuat,
857 1050 941 1134 quia
961 1041 1063 1131 regio
1082 1069 1188 1133 quam
1204 1050 1259 1113 in-

308 1151 490 1216 habitabat
506 1150 753 1216 inaccessibilis
771 1157 836 1227 est,
859 1149 1043 1232 paludibus
1067 1148 1183 1212 nimiis
1205 1149 1259 1213 in·

308 1250 567 1334 terjacentibus‚
589 1251 625 1315 in
647 1251 772 1332 quibus
794 1248 964 1313 neurada
985 1249 1179 1326 commoda,
1194 1268 1259 1313 nec

307 1357 431 1433 pontes
458 1351 580 1434 pervii,
608 1369 671 1414 nec
698 1348 877 1430 navigatio
901 1354 979 1412 tuta
1005 1347 1165 1425 habetur,
1183 1349 1259 1430 regi

308 1469 486 1514 occurrere
501 1449 705 1533 supersedit.
738 1447 868 1512 Eodem
883 1467 975 1511 anno
987 1447 1023 1510 in
1041 1446 1130 1512 festo
1146 1449 1260 1513 sancti

309 1547 461 1625 Nicolai,
482 1550 575 1632 apud
592 1547 852 1625 Albemarliam,
869 1546 1043 1629 Rogerus,
1060 1546 1260 1613 Eboracen·

308 1648 357 1711 sis
368 1647 658 1731 archiepiscopus,
676 1648 833 1731 praestito
845 1645 1056 1730 juramento,
1067 1648 1161 1730 quod
1177 1654 1259 1712 ante

308 1747 565 1812 coronationem
597 1747 679 1813 novi
702 1748 794 1829 regis
819 1746 939 1813 literas
968 1746 1213 1829 prohibitionis
1239 1766 1261 1811 a

308 1846 447 1911 domino
460 1866 553 1931 papa
567 1865 787 1930 nequaquam
810 1852 1022 1929 susceperat,
1046 1854 1082 1910 et
1104 1846 1197 1928 quod
1221 1865 1260 1911 se

308 1945 382 2028 regi
411 1947 454 2010 de
481 1946 787 2016 consuetudinibus
812 1946 911 2027 regni
937 1945 1162 2010 observandis
1189 1966 1261 2010 non

308 2046 536 2127 obligaverat,
565 2046 726 2131 quodque
758 2052 904 2110 mortem
932 2045 1076 2109 Thomae
1113 2046 1259 2127 gloriosi

201 2195 204 2202 .
307 2146 470 2229 martyris
497 2166 560 2210 nec
585 2147 703 2223 verbo,
727 2164 791 2209 nec
816 2145 955 2227 scripto,
986 2165 1049 2208 nec
1074 2144 1169 2209 facto
1191 2146 1261 2210 sci·

308 2252 405 2308 enter
419 2252 678 2328 procuraverat,
694 2244 737 2309 ad
755 2244 856 2309 officii
871 2245 926 2309 sui
939 2252 994 2309 est
1007 2244 1258 2328 plenitudinem

307 2345 499 2410 restitutus.

323 2518 373 2582 De
388 2517 633 2584 reconciliatione
652 2513 886 2583 cartanensis
902 2515 1028 2582 aresta
1034 2524 1106 2602 poa
1120 2527 1247 2589 mortua

658 2616 760 2683 eoacti·
777 2615 905 2682 lbomae.

238 2766 276 2807 urr
359 2733 459 2804 Post²
470 2747 615 2804 mortem
630 2740 724 2805 beati
739 2740 884 2804 Thomae
899 2740 1061 2823 martyris
1077 2740 1150 2804 fere
1165 2760 1260 2806 anuo

308 2839 444 2922 integro
466 2839 613 2904 ecclesia
639 2839 900 2904 Cuntuariensis
926 2859 948 2903 a
969 2839 1096 2903 divinis
1117 2859 1260 2904 cessans

309 2940 495 3022 obsequiis,
520 2939 693 3004 continuis
721 2940 875 3022 perstitit
905 2939 942 3002 in
971 2938 1141 3016 lamentis,
1174 2941 1259 3004 sub·

311 3058 447 3103 versum
463 3047 516 3103 est
530 3038 685 3103 ecclesiae
705 3039 954 3122 pavimentum,
971 3056 1077 3103 sonus
1095 3045 1149 3103 est
1165 3057 1260 3103 cam·

309 3158 478 3220 panarum
499 3157 699 3221 suspensus,
728 3138 849 3202 nudati
873 3145 954 3203 sunt
977 3139 1126 3221 parietes
1156 3154 1261 3204 orna·

309 3240 445 3316 mentis,
463 3245 498 3303 et
522 3239 572 3302 sic
595 3238 696 3320 quasi
720 3238 756 3301 in
778 3238 892 3302 cinere
912 3243 948 3301 et
963 3238 1075 3302 cilicio
1091 3239 1260 3322 exequias

308 3336 344 3400 in
366 3339 509 3403 tristitia
532 3343 567 3402 et
589 3357 735 3402 moerore
760 3336 950 3420 persolvit3
976 3337 1037 3400 sed
1051 3337 1191 3402 tandem
1215 3339 1259 3404 ad

308 3438 430 3501 matris
454 3456 527 3500 suae
555 3437 833 3502 Dorobornensis
857 3437 1011 3501 ecclesiae
1027 3438 1260 3516 vocationem,

307 3536 446 3601 infesto
460 3537 572 3601 sancti
591 3536 735 3614 Thomae
758 3535 920 3619 apostoli,
943 3535 1153 3620 suffraganei
1176 3557 1261 3602 con·

307 3643 477 3700 venerunt
503 3632 668 3719 episcopi,
695 3643 735 3700 ut
762 3635 954 3712 ecclesiam,
982 3635 1089 3718 longa
1113 3655 1261 3720 suspen.

307 3736 404 3798 sione
421 3742 689 3812 consternatam,
702 3734 809 3819 juxta
822 3734 1022 3798 mandatum
1045 3736 1176 3800 domini
1196 3757 1260 3820 pa·

307 3853 362 3916 pae
389 3835 425 3898 in
450 3842 581 3900 statum
611 3835 794 3917 pristinum
818 3834 1056 3900 reformarent.
1108 3835 1262 3902 Bartho-

306 3934 450 3999 lomaeus
468 3935 587 4017 igitur,
603 3934 811 4005 Exouiensis
833 3934 1028 4018 episcopus,
1054 3935 1099 3998 ad
1119 3937 1261 4018 petitio-

341 4109 766 4178 ¹Regaltu.]Diceto,col.558;see
828 4109 909 4163 ²Post
920 4113 1041 4176 mortem]
1058 4113 1260 4179 Diceto,p.558.

306 4182 404 4230 Annuls
415 4182 444 4231 oi
451 4183 569 4245 Ireland3
585 4183 671 4247 Ware,
682 4199 709 4246 p.
717 4188 741 4233 7.
