2820 4882
387 402 523 450 rnonns
547 401 816 450 ursronmnun.
1013 383 1076 447 271

125 571 166 625 ut
185 562 229 625 ab
252 580 293 624 eo
317 560 431 624 locum
453 562 644 643 susciperet
663 568 698 625 et
718 562 765 624 ibi
783 566 999 625 construeret
1015 560 1076 623 ab·
1091 580 1146 620 nn.
1158 581 1213 618 na.

126 661 267 725 batiam.
321 660 372 724 At
394 660 594 725 Gilebertus
622 661 666 724 ad
690 680 806 742 regern
826 661 968 724 veniens
994 680 1077 723 con·
1090 630 1241 730 milii?

126 769 269 843 questus
300 769 354 825 est
379 762 494 838 nimis,
521 761 614 843 quod
643 762 765 844 patriae
797 760 890 824 illius
920 761 1078 841 linguam
1091 731 1196 771 mm

128 881 197 925 non
211 862 327 941 novit3
355 861 434 938 ⁴0:
451 862 563 942 inquit
579 880 654 937 rex,
667 867 677 895 ‘
689 862 814 926 bonum
829 862 893 925 tibi
908 861 1077 942 interpre-

127 970 209 1038 tem,
226 961 304 1025 Deo
319 961 523 1038 auxiliante,
538 961 712 1024 inveniam
728 962 749 1040 3'
772 968 816 1038 et,
828 969 953 1026 vocato
968 960 1077 1024 milite

129 1061 265 1136 Hoeno,
283 1061 390 1146 jussit
408 1081 483 1138 rex,
498 1068 539 1124 ut
560 1081 639 1124 cum
657 1060 835 1125 Gileberto
858 1062 925 1124 iret
944 1068 979 1124 et
1000 1079 1078 1122 cnm

127 1161 203 1243 ipso
228 1162 265 1226 in
297 1161 468 1225 Hibernia
498 1169 714 1239 remaneret3
748 1161 839 1243 qnod
869 1161 967 1223 miles
998 1179 1078 1241 gra·

130 1267 246 1325 tanter
259 1281 416 1325 annuens
438 1281 517 1325 cum
539 1261 632 1324 dicto
647 1260 827 1324 Gileberto
849 1261 1027 1336 remansit,
1043 1267 1079 1323 et

128 1361 213 1425 satis
236 1361 267 1426 ei
292 1361 416 1426 devote
439 1360 638 1424 ministrans
661 1360 899 1424 monachalem
924 1359 1079 1423 habitum

129 1461 303 1543 suscipere
319 1462 443 1539 noluit,
460 1461 543 1544 qnia
558 1480 679 1526 servus
701 1480 777 1524 esse
800 1481 904 1542 qnam
922 1460 1079 1524 dominus

129 1561 319 1643 praeelegit.
386 1561 622 1625 Transeuntes
658 1568 774 1625 autern
809 1561 846 1626 in
873 1560 1079 1624 Hiberniam

30 1741 33 1747 Ι
130 1661 306 1725 abbatiam
330 1666 612 1738 construxerunt,
643 1661 703 1724 nbi
732 1661 831 1724 miles
856 1661 1003 1725 Hoenus
1026 1661 1080 1723 in·

132 1767 264 1843 terpres
290 1761 451 1826 monachi
472 1761 619 1825 devotus
642 1761 779 1824 exstitit
800 1768 835 1824 et
859 1762 895 1823 in
920 1762 1080 1824 omnibus

132 1860 276 1942 agendis
307 1861 463 1924 minister
494 1860 616 1924 fidelis.
669 1859 967 1942 Quandocumque
998 1881 1081 1925 vero

132 1960 321 2024 monachus
338 1962 433 2025 solus
450 1961 577 2024 alicubi
594 1981 673 2024 cnm
690 1960 799 2024 milite
820 1952 898 2038 fuit',
921 1960 965 2023 de
986 1967 1081 2022 statu

132 2062 323 2142 purgatorii
346 2068 383 2124 et
403 2061 516 2143 poenis
538 2060 764 2137 mirabilibus,
787 2079 875 2142 quas
896 2059 1032 2122 viderat
1046 2066 1081 2121 et

133 2168 277 2242 experto
304 2161 483 2238 didicerat,
508 2162 643 2224 curiose
670 2161 715 2224 ab
748 2179 789 2223 eo
821 2159 1009 2243 quaesivit3
1044 2166 1082 2222 at

134 2260 204 2337 ille,
228 2261 289 2344 qui
318 2281 493 2344 nunquam
522 2261 642 2324 audire
665 2260 780 2342 potuit
804 2260 846 2323 de
878 2258 1081 2341 purgatorio

135 2360 241 2443 loqui,
264 2361 348 2444 quin
368 2367 606 2443 prorumperet
629 2360 800 2424 infletum
817 2359 1082 2435 amarissimum,

135 2461 242 2543 coepit
263 2462 327 2524 sub
355 2461 471 2543 sigillo
495 2461 619 2525 secreti
641 2462 752 2524 amico
772 2479 835 2542 pro
856 2460 1083 2523 aedificatione

135 2580 176 2623 ea
203 2580 282 2643 quae
307 2560 477 2638 audierat,
492 2561 640 2637 viderat,
667 2566 702 2623 et
730 2559 968 2642 experimento
995 2559 1083 2623 didi·

138 2668 245 2738 cerat,
273 2680 445 2738 enarrare,
469 2659 642 2724 affirmans
667 2679 742 2723 sese
771 2661 886 2724 omnia
910 2660 1084 2742 corporeis

136 2759 245 2826 oculis
272 2761 507 2842 conspexisse.
561 2760 679 2844 Hujus
704 2765 820 2824 autem
845 2760 1004 2824 monachi
1028 2760 1083 2822 in-

138 2861 271 2924 dustria
304 2867 340 2924 et
372 2860 554 2941 diligentia
585 2860 689 2944 hujus
718 2859 837 2924 militis
869 2860 1084 2945 experientia

136 2961 275 3026 redacta
301 2966 355 3024 est
377 2959 414 3022 in
436 2959 656 3042 scripturam,
684 2959 786 3023 simul
810 2979 889 3023 curn
917 2959 1084 3023 relatione

137 3063 376 3144 episcoporum
406 3060 557 3142 regionis
591 3067 627 3124 et
657 3059 804 3123 aliorum
833 3059 1085 3140 religiosorum,

138 3161 196 3244 qui
231 3179 339 3224 cansa
374 3159 524 3244 justitiae
563 3159 811 3243 perhibuerunt
851 3158 1084 3222 testimonium

138 3260 287 3324 veritati.

164 3457 252 3537 Quod
270 3455 455 3534 Milonem,
472 3442 673 3520 Elorocoosis
687 3455 944 3540 archiepiscopus,
959 3475 1066 3518 aeaeae

555 3556 667 3642 periit.

179 3677 435 3744 AnnoDomini
446 3696 570 3744 monrv.
578 3677 788 3744 Anastasius
799 3697 903 3763 papa,
913 3664 1088 3755 defuncto,
1101 3699 1224 3789 ssffll

139 3787 179 3844 nt
204 3779 443 3863 supradictum
468 3787 533 3854 est,
556 3779 723 3855 Henrico‚
744 3777 955 3842 Eboracensi
976 3778 1088 3841 archi·
1101 3800 1201 3844 nurum,

141 3880 314 3967 episcopo,
331 3880 485 3944 restituit
507 3880 544 3943 in
567 3879 683 3944 sedem
706 3849 1225 3956 eandemW111e1mum‚li⁰llli¹3⁰⁹

142 3999 242 4062 quem
256 3980 351 4063 prius
368 3999 459 4063 papa
474 3979 653 4062 Eugenins
668 3979 932 4060 degradaverat,
957 3978 1090 4042 donans

143 4080 173 4143 ei
188 4080 334 4165 pallium
344 4079 482 4159 Romae,
494 4080 573 4144 etin
585 4079 771 4164 praesentia
785 4079 894 4161 ipsius
910 4097 1091 4144 consecra-
