<?xml version="1.0" encoding="UTF-8"?>
<!DOCTYPE html PUBLIC "-//W3C//DTD XHTML 1.0 Transitional//EN"
    "http://www.w3.org/TR/xhtml1/DTD/xhtml1-transitional.dtd">
<html xmlns="http://www.w3.org/1999/xhtml" xml:lang="en" lang="en">
 <head>
  <title>
</title>
<meta http-equiv="Content-Type" content="text/html;charset=utf-8" />
  <meta name='ocr-system' content='tesseract 3.04.00' />
  <meta name='ocr-capabilities' content='ocr_page ocr_carea ocr_par ocr_line ocrx_word'/>
</head>
<body>
  <div class='ocr_page' id='page_1' title='image "./rogeridewendove01rogegoog_0408.png"; bbox 0 0 2820 4882; ppageno 0'>
   <div class='ocr_carea' id='block_1_1' title="bbox 402 394 1095 460">
    <p class='ocr_par' dir='ltr' id='par_1_1' title="bbox 402 394 1095 460">
     <span class='ocr_line' id='line_1_1' title="bbox 402 394 1095 460; baseline 0.007 -5"><span class='ocrx_word' id='word_1_1' title='bbox 402 408 543 457; x_wconf 81' lang='lat' dir='ltr'>rnonns</span> <span class='ocrx_word' id='word_1_2' title='bbox 568 408 838 460; x_wconf 78' lang='lat' dir='ltr'>ursroaraauu.</span> <span class='ocrx_word' id='word_1_3' title='bbox 1029 394 1095 460; x_wconf 84' lang='grc'>397</span> 
     </span>
    </p>
   </div>
   <div class='ocr_carea' id='block_1_2' title="bbox 141 566 1254 1344">
    <p class='ocr_par' dir='ltr' id='par_1_2' title="bbox 141 566 1254 1344">
     <span class='ocr_line' id='line_1_2' title="bbox 142 566 1247 680; baseline 0.001 -48"><span class='ocrx_word' id='word_1_4' title='bbox 142 567 305 654; x_wconf 83' lang='lat' dir='ltr'>auditus,-</span> <span class='ocrx_word' id='word_1_5' title='bbox 313 566 445 630; x_wconf 90' lang='lat' dir='ltr'>claudis</span> <span class='ocrx_word' id='word_1_6' title='bbox 461 568 619 632; x_wconf 90' lang='lat' dir='ltr'>firmatur</span> <span class='ocrx_word' id='word_1_7' title='bbox 635 575 786 650; x_wconf 85' lang='lat' dir='ltr'>gressus,</span> <span class='ocrx_word' id='word_1_8' title='bbox 803 574 850 647; x_wconf 92' lang='lat' dir='ltr'>et,</span> <span class='ocrx_word' id='word_1_9' title='bbox 865 568 965 652; x_wconf 93' lang='lat' dir='ltr'>quod</span> <span class='ocrx_word' id='word_1_10' title='bbox 982 569 1094 650; x_wconf 87' lang='lat' dir='ltr'>magis</span> <span class='ocrx_word' id='word_1_11' title='bbox 1105 580 1247 680; x_wconf 54' lang='lat' dir='ltr'>fflggvs</span> 
     </span>
     <span class='ocr_line' id='line_1_3' title="bbox 141 667 1254 750; baseline -0.001 -19"><span class='ocrx_word' id='word_1_12' title='bbox 141 667 362 749; x_wconf 88' lang='lat' dir='ltr'>magnificum</span> <span class='ocrx_word' id='word_1_13' title='bbox 395 674 460 744; x_wconf 91' lang='lat' dir='ltr'>est,</span> <span class='ocrx_word' id='word_1_14' title='bbox 489 669 618 750; x_wconf 85' lang='lat' dir='ltr'>arrepti</span> <span class='ocrx_word' id='word_1_15' title='bbox 643 688 665 733; x_wconf 88' lang='lat' dir='ltr'>a</span> <span class='ocrx_word' id='word_1_16' title='bbox 693 667 864 732; x_wconf 87' lang='lat' dir='ltr'>daemonio</span> <span class='ocrx_word' id='word_1_17' title='bbox 891 668 1093 747; x_wconf 77' lang='lat' dir='ltr'>liberantur,</span> <span class='ocrx_word' id='word_1_18' title='bbox 1105 680 1254 730; x_wconf 64' lang='lat' dir='ltr'>mrum</span> 
     </span>
     <span class='ocr_line' id='line_1_4' title="bbox 142 767 1092 850; baseline 0.002 -19"><span class='ocrx_word' id='word_1_19' title='bbox 142 767 318 850; x_wconf 83' lang='lat' dir='ltr'>epileptici</span> <span class='ocrx_word' id='word_1_20' title='bbox 351 774 531 844; x_wconf 88' lang='lat' dir='ltr'>sanantur,</span> <span class='ocrx_word' id='word_1_21' title='bbox 568 767 697 850; x_wconf 84' lang='lat' dir='ltr'>leprosi</span> <span class='ocrx_word' id='word_1_22' title='bbox 730 767 953 845; x_wconf 91' lang='lat' dir='ltr'>mundantur,</span> <span class='ocrx_word' id='word_1_23' title='bbox 985 776 1020 834; x_wconf 90' lang='lat' dir='ltr'>et</span> <span class='ocrx_word' id='word_1_24' title='bbox 1048 769 1092 833; x_wconf 89' lang='lat' dir='ltr'>ad</span> 
     </span>
     <span class='ocr_line' id='line_1_5' title="bbox 141 866 1094 951; baseline 0.004 -20"><span class='ocrx_word' id='word_1_25' title='bbox 141 867 251 932; x_wconf 88' lang='lat' dir='ltr'>vitam</span> <span class='ocrx_word' id='word_1_26' title='bbox 274 866 402 930; x_wconf 91' lang='lat' dir='ltr'>mortui</span> <span class='ocrx_word' id='word_1_27' title='bbox 421 874 638 930; x_wconf 83' lang='lat' dir='ltr'>revocantur.</span> <span class='ocrx_word' id='word_1_28' title='bbox 690 867 728 931; x_wconf 92' lang='lat' dir='ltr'>Si</span> <span class='ocrx_word' id='word_1_29' title='bbox 752 868 831 951; x_wconf 92' lang='lat' dir='ltr'>quis</span> <span class='ocrx_word' id='word_1_30' title='bbox 850 876 967 932; x_wconf 88' lang='lat' dir='ltr'>autem</span> <span class='ocrx_word' id='word_1_31' title='bbox 990 869 1094 935; x_wconf 87' lang='lat' dir='ltr'>mira-</span> 
     </span>
     <span class='ocr_line' id='line_1_6' title="bbox 143 967 1095 1051; baseline 0.002 -21"><span class='ocrx_word' id='word_1_32' title='bbox 143 967 312 1044; x_wconf 85' lang='lat' dir='ltr'>culorum,</span> <span class='ocrx_word' id='word_1_33' title='bbox 332 985 411 1049; x_wconf 87' lang='lat' dir='ltr'>quae</span> <span class='ocrx_word' id='word_1_34' title='bbox 436 986 498 1048; x_wconf 92' lang='lat' dir='ltr'>per</span> <span class='ocrx_word' id='word_1_35' title='bbox 519 974 660 1031; x_wconf 89' lang='lat' dir='ltr'>sanctos</span> <span class='ocrx_word' id='word_1_36' title='bbox 683 986 765 1031; x_wconf 92' lang='lat' dir='ltr'>suos</span> <span class='ocrx_word' id='word_1_37' title='bbox 790 967 907 1031; x_wconf 91' lang='lat' dir='ltr'>divina</span> <span class='ocrx_word' id='word_1_38' title='bbox 930 977 1095 1051; x_wconf 88' lang='lat' dir='ltr'>operatur</span> 
     </span>
     <span class='ocr_line' id='line_1_7' title="bbox 143 1065 1092 1142; baseline 0 -12"><span class='ocrx_word' id='word_1_39' title='bbox 143 1066 338 1141; x_wconf 88' lang='lat' dir='ltr'>clementia,</span> <span class='ocrx_word' id='word_1_40' title='bbox 367 1065 526 1129; x_wconf 82' lang='lat' dir='ltr'>notitiam</span> <span class='ocrx_word' id='word_1_41' title='bbox 559 1066 686 1131; x_wconf 89' lang='lat' dir='ltr'>habere</span> <span class='ocrx_word' id='word_1_42' title='bbox 718 1066 901 1142; x_wconf 86' lang='lat' dir='ltr'>desiderat,</span> <span class='ocrx_word' id='word_1_43' title='bbox 938 1068 1092 1131; x_wconf 91' lang='lat' dir='ltr'>libellum</span> 
     </span>
     <span class='ocr_line' id='line_1_8' title="bbox 141 1164 1093 1250; baseline 0.001 -20"><span class='ocrx_word' id='word_1_44' title='bbox 141 1167 249 1248; x_wconf 89' lang='lat' dir='ltr'>legat,</span> <span class='ocrx_word' id='word_1_45' title='bbox 284 1165 344 1248; x_wconf 91' lang='lat' dir='ltr'>qui</span> <span class='ocrx_word' id='word_1_46' title='bbox 374 1164 416 1228; x_wconf 93' lang='lat' dir='ltr'>de</span> <span class='ocrx_word' id='word_1_47' title='bbox 448 1165 557 1248; x_wconf 91' lang='lat' dir='ltr'>signis</span> <span class='ocrx_word' id='word_1_48' title='bbox 588 1166 663 1250; x_wconf 92' lang='lat' dir='ltr'>ejus</span> <span class='ocrx_word' id='word_1_49' title='bbox 695 1173 730 1230; x_wconf 91' lang='lat' dir='ltr'>et</span> <span class='ocrx_word' id='word_1_50' title='bbox 761 1166 947 1231; x_wconf 90' lang='lat' dir='ltr'>virtutibus</span> <span class='ocrx_word' id='word_1_51' title='bbox 979 1167 1093 1231; x_wconf 88' lang='lat' dir='ltr'>clarus</span> 
     </span>
     <span class='ocr_line' id='line_1_9' title="bbox 143 1265 1093 1344; baseline 0.004 -16"><span class='ocrx_word' id='word_1_52' title='bbox 143 1266 303 1344; x_wconf 92' lang='lat' dir='ltr'>habetur,</span> <span class='ocrx_word' id='word_1_53' title='bbox 333 1273 369 1330; x_wconf 93' lang='lat' dir='ltr'>et</span> <span class='ocrx_word' id='word_1_54' title='bbox 402 1285 466 1330; x_wconf 92' lang='lat' dir='ltr'>nos</span> <span class='ocrx_word' id='word_1_55' title='bbox 498 1265 542 1329; x_wconf 95' lang='lat' dir='ltr'>ad</span> <span class='ocrx_word' id='word_1_56' title='bbox 575 1266 646 1330; x_wconf 87' lang='lat' dir='ltr'>alia</span> <span class='ocrx_word' id='word_1_57' title='bbox 680 1266 884 1332; x_wconf 88' lang='lat' dir='ltr'>festinantes</span> <span class='ocrx_word' id='word_1_58' title='bbox 913 1285 936 1330; x_wconf 88' lang='lat' dir='ltr'>a</span> <span class='ocrx_word' id='word_1_59' title='bbox 964 1267 1093 1333; x_wconf 87' lang='lat' dir='ltr'>lectore</span> 
     </span>
    </p>
   </div>
   <div class='ocr_carea' id='block_1_3' title="bbox 144 1365 525 1449">
    <p class='ocr_par' dir='ltr' id='par_1_3' title="bbox 144 1365 525 1449">
     <span class='ocr_line' id='line_1_10' title="bbox 144 1365 525 1449; baseline -0.003 -18"><span class='ocrx_word' id='word_1_60' title='bbox 144 1367 280 1432; x_wconf 93' lang='lat' dir='ltr'>veniam</span> <span class='ocrx_word' id='word_1_61' title='bbox 296 1365 525 1449; x_wconf 87' lang='lat' dir='ltr'>postulamus.</span> 
     </span>
    </p>
   </div>
   <div class='ocr_carea' id='block_1_4' title="bbox 143 1515 1056 1623">
    <p class='ocr_par' dir='ltr' id='par_1_4' title="bbox 143 1515 1056 1623">
     <span class='ocr_line' id='line_1_11' title="bbox 143 1515 1056 1623; baseline 0.002 -20"><span class='ocrx_word' id='word_1_62' title='bbox 143 1515 147 1520; x_wconf 22' lang='lat'><strong><em>³</em></strong></span> <span class='ocrx_word' id='word_1_63' title='bbox 179 1537 295 1620; x_wconf 78' lang='lat' dir='ltr'>Quod</span> <span class='ocrx_word' id='word_1_64' title='bbox 272 1559 397 1623; x_wconf 71' lang='lat' dir='ltr'>juvenes</span> <span class='ocrx_word' id='word_1_65' title='bbox 412 1559 476 1602; x_wconf 79' lang='lat' dir='ltr'>roc</span> <span class='ocrx_word' id='word_1_66' title='bbox 474 1537 638 1602; x_wconf 77' lang='lat' dir='ltr'>Hauricus</span> <span class='ocrx_word' id='word_1_67' title='bbox 654 1546 861 1602; x_wconf 71' lang='lat' dir='ltr'>commutante</span> <span class='ocrx_word' id='word_1_68' title='bbox 878 1541 1056 1605; x_wconf 69' lang='lat' dir='ltr'>coercuerit.</span> 
     </span>
    </p>
   </div>
   <div class='ocr_carea' id='block_1_5' title="bbox 135 1657 1242 3740">
    <p class='ocr_par' dir='ltr' id='par_1_5' title="bbox 135 1657 1242 3740">
     <span class='ocr_line' id='line_1_12' title="bbox 192 1657 1230 1769; baseline 0 -41"><span class='ocrx_word' id='word_1_69' title='bbox 192 1661 298 1728; x_wconf 87' lang='lat' dir='ltr'>Auno</span> <span class='ocrx_word' id='word_1_70' title='bbox 313 1663 453 1726; x_wconf 90' lang='lat' dir='ltr'>Domini</span> <span class='ocrx_word' id='word_1_71' title='bbox 472 1679 659 1726; x_wconf 80' lang='lat' dir='ltr'>ucnxxrx.</span> <span class='ocrx_word' id='word_1_72' title='bbox 680 1657 867 1740; x_wconf 77' lang='lat' dir='ltr'>HenricuS,</span> <span class='ocrx_word' id='word_1_73' title='bbox 884 1684 947 1728; x_wconf 83' lang='lat' dir='ltr'>rex</span> <span class='ocrx_word' id='word_1_74' title='bbox 960 1663 1092 1746; x_wconf 88' lang='lat' dir='ltr'>Anglo-</span> <span class='ocrx_word' id='word_1_75' title='bbox 1103 1679 1230 1769; x_wconf 53' lang='lat' dir='ltr'>”nulli</span> 
     </span>
     <span class='ocr_line' id='line_1_13' title="bbox 141 1730 1242 1871; baseline 0.001 -44"><span class='ocrx_word' id='word_1_76' title='bbox 141 1784 219 1827; x_wconf 89' lang='lat' dir='ltr'>rum</span> <span class='ocrx_word' id='word_1_77' title='bbox 240 1763 372 1846; x_wconf 90' lang='lat' dir='ltr'>junior,</span> <span class='ocrx_word' id='word_1_78' title='bbox 400 1782 494 1826; x_wconf 88' lang='lat' dir='ltr'>mare</span> <span class='ocrx_word' id='word_1_79' title='bbox 519 1763 689 1827; x_wconf 89' lang='lat' dir='ltr'>transiens</span> <span class='ocrx_word' id='word_1_80' title='bbox 710 1763 746 1826; x_wconf 92' lang='lat' dir='ltr'>in</span> <span class='ocrx_word' id='word_1_81' title='bbox 767 1762 983 1827; x_wconf 84' lang='lat' dir='ltr'>conflictibus</span> <span class='ocrx_word' id='word_1_82' title='bbox 1005 1764 1092 1828; x_wconf 87' lang='lat' dir='ltr'>Gal·</span> <span class='ocrx_word' id='word_1_83' title='bbox 1103 1730 1242 1871; x_wconf 52' lang='lat' dir='ltr'>graffo?</span> 
     </span>
     <span class='ocr_line' id='line_1_14' title="bbox 141 1861 1091 1946; baseline 0.002 -20"><span class='ocrx_word' id='word_1_84' title='bbox 141 1863 219 1928; x_wconf 92' lang='lat' dir='ltr'>licis</span> <span class='ocrx_word' id='word_1_85' title='bbox 241 1870 277 1927; x_wconf 88' lang='lat' dir='ltr'>et</span> <span class='ocrx_word' id='word_1_86' title='bbox 298 1861 549 1945; x_wconf 84' lang='lat' dir='ltr'>profusioribus</span> <span class='ocrx_word' id='word_1_87' title='bbox 567 1863 729 1946; x_wconf 86' lang='lat' dir='ltr'>expensis</span> <span class='ocrx_word' id='word_1_88' title='bbox 746 1863 929 1927; x_wconf 91' lang='lat' dir='ltr'>trienninm</span> <span class='ocrx_word' id='word_1_89' title='bbox 945 1864 1091 1946; x_wconf 82' lang='lat' dir='ltr'>peregit,</span> 
     </span>
     <span class='ocr_line' id='line_1_15' title="bbox 141 1961 1092 2046; baseline 0.003 -20"><span class='ocrx_word' id='word_1_90' title='bbox 141 1965 306 2046; x_wconf 81' lang='lat' dir='ltr'>regiaque</span> <span class='ocrx_word' id='word_1_91' title='bbox 333 1961 517 2046; x_wconf 90' lang='lat' dir='ltr'>majestate</span> <span class='ocrx_word' id='word_1_92' title='bbox 547 1981 689 2045; x_wconf 90' lang='lat' dir='ltr'>prorsus</span> <span class='ocrx_word' id='word_1_93' title='bbox 717 1961 886 2045; x_wconf 90' lang='lat' dir='ltr'>deposita,</span> <span class='ocrx_word' id='word_1_94' title='bbox 915 1969 1010 2027; x_wconf 86' lang='lat' dir='ltr'>totus</span> <span class='ocrx_word' id='word_1_95' title='bbox 1038 1972 1092 2029; x_wconf 90' lang='lat' dir='ltr'>est</span> 
     </span>
     <span class='ocr_line' id='line_1_16' title="bbox 142 2060 1090 2147; baseline 0.001 -20"><span class='ocrx_word' id='word_1_96' title='bbox 142 2063 282 2145; x_wconf 78' lang='lat' dir='ltr'>detege</span> <span class='ocrx_word' id='word_1_97' title='bbox 298 2062 488 2127; x_wconf 87' lang='lat' dir='ltr'>translatus</span> <span class='ocrx_word' id='word_1_98' title='bbox 505 2060 541 2124; x_wconf 91' lang='lat' dir='ltr'>in</span> <span class='ocrx_word' id='word_1_99' title='bbox 556 2061 712 2140; x_wconf 91' lang='lat' dir='ltr'>militem,</span> <span class='ocrx_word' id='word_1_100' title='bbox 730 2069 777 2139; x_wconf 89' lang='lat' dir='ltr'>et,</span> <span class='ocrx_word' id='word_1_101' title='bbox 797 2061 897 2124; x_wconf 83' lang='lat' dir='ltr'>flexis</span> <span class='ocrx_word' id='word_1_102' title='bbox 915 2061 950 2124; x_wconf 93' lang='lat' dir='ltr'>in</span> <span class='ocrx_word' id='word_1_103' title='bbox 967 2081 1090 2147; x_wconf 82' lang='lat' dir='ltr'>gyrum</span> 
     </span>
     <span class='ocr_line' id='line_1_17' title="bbox 140 2161 1090 2245; baseline -0.001 -18"><span class='ocrx_word' id='word_1_104' title='bbox 140 2163 271 2241; x_wconf 71' lang='lat' dir='ltr'>fraenis,</span> <span class='ocrx_word' id='word_1_105' title='bbox 290 2162 327 2226; x_wconf 95' lang='lat' dir='ltr'>in</span> <span class='ocrx_word' id='word_1_106' title='bbox 344 2162 450 2226; x_wconf 90' lang='lat' dir='ltr'>variis</span> <span class='ocrx_word' id='word_1_107' title='bbox 476 2162 718 2243; x_wconf 84' lang='lat' dir='ltr'>congressibus</span> <span class='ocrx_word' id='word_1_108' title='bbox 741 2161 951 2245; x_wconf 91' lang='lat' dir='ltr'>triumphum</span> <span class='ocrx_word' id='word_1_109' title='bbox 972 2182 1090 2245; x_wconf 92' lang='lat' dir='ltr'>repor-</span> 
     </span>
     <span class='ocr_line' id='line_1_18' title="bbox 142 2261 1088 2345; baseline -0.001 -18"><span class='ocrx_word' id='word_1_110' title='bbox 142 2271 222 2327; x_wconf 86' lang='lat' dir='ltr'>tans</span> <span class='ocrx_word' id='word_1_111' title='bbox 237 2263 292 2327; x_wconf 92' lang='lat' dir='ltr'>sui</span> <span class='ocrx_word' id='word_1_112' title='bbox 309 2261 458 2327; x_wconf 92' lang='lat' dir='ltr'>nominis</span> <span class='ocrx_word' id='word_1_113' title='bbox 475 2261 602 2326; x_wconf 91' lang='lat' dir='ltr'>famam</span> <span class='ocrx_word' id='word_1_114' title='bbox 619 2262 886 2345; x_wconf 87' lang='lat' dir='ltr'>circumquaque</span> <span class='ocrx_word' id='word_1_115' title='bbox 902 2261 1088 2345; x_wconf 85' lang='lat' dir='ltr'>respersit3</span> 
     </span>
     <span class='ocr_line' id='line_1_19' title="bbox 141 2361 1090 2447; baseline 0 -21"><span class='ocrx_word' id='word_1_116' title='bbox 141 2364 191 2428; x_wconf 92' lang='lat' dir='ltr'>sic</span> <span class='ocrx_word' id='word_1_117' title='bbox 212 2363 331 2444; x_wconf 88' lang='lat' dir='ltr'>igitur,</span> <span class='ocrx_word' id='word_1_118' title='bbox 351 2381 429 2425; x_wconf 87' lang='lat' dir='ltr'>cnm</span> <span class='ocrx_word' id='word_1_119' title='bbox 451 2362 501 2424; x_wconf 91' lang='lat' dir='ltr'>nil</span> <span class='ocrx_word' id='word_1_120' title='bbox 522 2361 554 2425; x_wconf 92' lang='lat' dir='ltr'>ei</span> <span class='ocrx_word' id='word_1_121' title='bbox 577 2361 712 2446; x_wconf 87' lang='lat' dir='ltr'>deesset</span> <span class='ocrx_word' id='word_1_122' title='bbox 737 2361 782 2424; x_wconf 89' lang='lat' dir='ltr'>ad</span> <span class='ocrx_word' id='word_1_123' title='bbox 804 2362 962 2444; x_wconf 82' lang='lat' dir='ltr'>gloriam,</span> <span class='ocrx_word' id='word_1_124' title='bbox 989 2361 1090 2447; x_wconf 82' lang='lat' dir='ltr'>rediit</span> 
     </span>
     <span class='ocr_line' id='line_1_20' title="bbox 140 2460 1088 2545; baseline 0 -19"><span class='ocrx_word' id='word_1_125' title='bbox 140 2462 185 2526; x_wconf 91' lang='lat' dir='ltr'>ad</span> <span class='ocrx_word' id='word_1_126' title='bbox 203 2471 337 2545; x_wconf 83' lang='lat' dir='ltr'>patrem</span> <span class='ocrx_word' id='word_1_127' title='bbox 359 2468 395 2527; x_wconf 93' lang='lat' dir='ltr'>et</span> <span class='ocrx_word' id='word_1_128' title='bbox 417 2463 461 2525; x_wconf 89' lang='lat' dir='ltr'>ab</span> <span class='ocrx_word' id='word_1_129' title='bbox 484 2481 526 2525; x_wconf 94' lang='lat' dir='ltr'>eo</span> <span class='ocrx_word' id='word_1_130' title='bbox 548 2460 679 2525; x_wconf 88' lang='lat' dir='ltr'>honore</span> <span class='ocrx_word' id='word_1_131' title='bbox 700 2461 817 2525; x_wconf 87' lang='lat' dir='ltr'>debito</span> <span class='ocrx_word' id='word_1_132' title='bbox 840 2469 893 2525; x_wconf 91' lang='lat' dir='ltr'>est</span> <span class='ocrx_word' id='word_1_133' title='bbox 918 2466 1088 2544; x_wconf 73' lang='lat' dir='ltr'>receptus:</span> 
     </span>
     <span class='ocr_line' id='line_1_21' title="bbox 141 2555 1090 2639; baseline 0 -13"><span class='ocrx_word' id='word_1_134' title='bbox 141 2562 272 2627; x_wconf 92' lang='lat' dir='ltr'>Eodem</span> <span class='ocrx_word' id='word_1_135' title='bbox 297 2573 396 2627; x_wconf 87' lang='lat' dir='ltr'>anno</span> <span class='ocrx_word' id='word_1_136' title='bbox 416 2555 653 2639; x_wconf 86' lang='lat' dir='ltr'>¹Lodovvicus,</span> <span class='ocrx_word' id='word_1_137' title='bbox 674 2581 745 2625; x_wconf 90' lang='lat' dir='ltr'>rex·</span> <span class='ocrx_word' id='word_1_138' title='bbox 761 2561 987 2639; x_wconf 84' lang='lat' dir='ltr'>Francorum,</span> <span class='ocrx_word' id='word_1_139' title='bbox 1006 2563 1090 2626; x_wconf 88' lang='lat' dir='ltr'>bea·</span> 
     </span>
     <span class='ocr_line' id='line_1_22' title="bbox 140 2659 1089 2744; baseline -0.001 -17"><span class='ocrx_word' id='word_1_140' title='bbox 140 2671 214 2727; x_wconf 94' lang='lat' dir='ltr'>tum</span> <span class='ocrx_word' id='word_1_141' title='bbox 228 2662 398 2726; x_wconf 82' lang='lat' dir='ltr'>Thomam</span> <span class='ocrx_word' id='word_1_142' title='bbox 419 2669 605 2744; x_wconf 86' lang='lat' dir='ltr'>martyrem</span> <span class='ocrx_word' id='word_1_143' title='bbox 627 2659 794 2726; x_wconf 88' lang='lat' dir='ltr'>orationis</span> <span class='ocrx_word' id='word_1_144' title='bbox 818 2661 931 2743; x_wconf 91' lang='lat' dir='ltr'>gratia</span> <span class='ocrx_word' id='word_1_145' title='bbox 946 2661 1089 2726; x_wconf 83' lang='lat' dir='ltr'>visitare</span> 
     </span>
     <span class='ocr_line' id='line_1_23' title="bbox 140 2751 1089 2844; baseline 0 -18"><span class='ocrx_word' id='word_1_146' title='bbox 140 2751 340 2839; x_wconf 67' lang='lat' dir='ltr'>decernens</span> <span class='ocrx_word' id='word_1_147' title='bbox 357 2760 535 2843; x_wconf 89' lang='lat' dir='ltr'>Angliam‚</span> <span class='ocrx_word' id='word_1_148' title='bbox 555 2780 659 2844; x_wconf 87' lang='lat' dir='ltr'>quam</span> <span class='ocrx_word' id='word_1_149' title='bbox 679 2781 743 2825; x_wconf 91' lang='lat' dir='ltr'>nec</span> <span class='ocrx_word' id='word_1_150' title='bbox 766 2761 841 2843; x_wconf 91' lang='lat' dir='ltr'>ipse</span> <span class='ocrx_word' id='word_1_151' title='bbox 865 2780 928 2824; x_wconf 91' lang='lat' dir='ltr'>nec</span> <span class='ocrx_word' id='word_1_152' title='bbox 947 2755 1089 2826; x_wconf 87' lang='lat' dir='ltr'>suorum</span> 
     </span>
     <span class='ocr_line' id='line_1_24' title="bbox 140 2860 1087 2946; baseline -0.001 -19"><span class='ocrx_word' id='word_1_153' title='bbox 140 2863 266 2946; x_wconf 89' lang='lat' dir='ltr'>aliquis</span> <span class='ocrx_word' id='word_1_154' title='bbox 291 2869 548 2926; x_wconf 90' lang='lat' dir='ltr'>antecessorum</span> <span class='ocrx_word' id='word_1_155' title='bbox 566 2860 683 2943; x_wconf 90' lang='lat' dir='ltr'>aliquo</span> <span class='ocrx_word' id='word_1_156' title='bbox 699 2868 853 2943; x_wconf 91' lang='lat' dir='ltr'>tempore</span> <span class='ocrx_word' id='word_1_157' title='bbox 869 2861 1087 2941; x_wconf 84' lang='lat' dir='ltr'>visitaverat,</span> 
     </span>
     <span class='ocr_line' id='line_1_25' title="bbox 138 2953 1088 3040; baseline -0.001 -13"><span class='ocrx_word' id='word_1_158' title='bbox 138 2964 285 3027; x_wconf 92' lang='lat' dir='ltr'>devotus</span> <span class='ocrx_word' id='word_1_159' title='bbox 301 2961 456 3027; x_wconf 89' lang='lat' dir='ltr'>intravit.</span> <span class='ocrx_word' id='word_1_160' title='bbox 492 2953 592 3025; x_wconf 85' lang='lat' dir='ltr'>²Rex</span> <span class='ocrx_word' id='word_1_161' title='bbox 609 2968 725 3025; x_wconf 91' lang='lat' dir='ltr'>autem</span> <span class='ocrx_word' id='word_1_162' title='bbox 741 2959 947 3040; x_wconf 87' lang='lat' dir='ltr'>Anglorum‚</span> <span class='ocrx_word' id='word_1_163' title='bbox 964 2980 1088 3026; x_wconf 92' lang='lat' dir='ltr'>navem</span> 
     </span>
     <span class='ocr_line' id='line_1_26' title="bbox 138 3059 1086 3145; baseline -0.004 -18"><span class='ocrx_word' id='word_1_164' title='bbox 138 3063 230 3145; x_wconf 88' lang='lat' dir='ltr'>apud</span> <span class='ocrx_word' id='word_1_165' title='bbox 254 3063 428 3126; x_wconf 87' lang='lat' dir='ltr'>Doveram</span> <span class='ocrx_word' id='word_1_166' title='bbox 457 3060 647 3143; x_wconf 84' lang='lat' dir='ltr'>egredienti</span> <span class='ocrx_word' id='word_1_167' title='bbox 671 3061 884 3124; x_wconf 85' lang='lat' dir='ltr'>Francorum</span> <span class='ocrx_word' id='word_1_168' title='bbox 910 3059 996 3141; x_wconf 91' lang='lat' dir='ltr'>regi,</span> <span class='ocrx_word' id='word_1_169' title='bbox 1021 3081 1086 3123; x_wconf 91' lang='lat' dir='ltr'>un·</span> 
     </span>
     <span class='ocr_line' id='line_1_27' title="bbox 139 3159 1086 3244; baseline -0.004 -17"><span class='ocrx_word' id='word_1_170' title='bbox 139 3163 270 3227; x_wconf 87' lang='lat' dir='ltr'>decimo</span> <span class='ocrx_word' id='word_1_171' title='bbox 285 3160 452 3226; x_wconf 88' lang='lat' dir='ltr'>kalendas</span> <span class='ocrx_word' id='word_1_172' title='bbox 470 3161 681 3244; x_wconf 91' lang='lat' dir='ltr'>Septembris</span> <span class='ocrx_word' id='word_1_173' title='bbox 701 3159 904 3224; x_wconf 84' lang='lat' dir='ltr'>festinanter</span> <span class='ocrx_word' id='word_1_174' title='bbox 925 3160 1086 3237; x_wconf 88' lang='lat' dir='ltr'>occurrit,</span> 
     </span>
     <span class='ocr_line' id='line_1_28' title="bbox 137 3258 1087 3346; baseline -0.002 -19"><span class='ocrx_word' id='word_1_175' title='bbox 137 3263 205 3340; x_wconf 90' lang='lat' dir='ltr'>cui,</span> <span class='ocrx_word' id='word_1_176' title='bbox 223 3262 385 3346; x_wconf 91' lang='lat' dir='ltr'>quicquid</span> <span class='ocrx_word' id='word_1_177' title='bbox 400 3261 540 3325; x_wconf 88' lang='lat' dir='ltr'>honoris</span> <span class='ocrx_word' id='word_1_178' title='bbox 556 3263 601 3326; x_wconf 95' lang='lat' dir='ltr'>ab</span> <span class='ocrx_word' id='word_1_179' title='bbox 621 3261 739 3345; x_wconf 91' lang='lat' dir='ltr'>aliquo</span> <span class='ocrx_word' id='word_1_180' title='bbox 760 3258 953 3341; x_wconf 87' lang='lat' dir='ltr'>excogitari</span> <span class='ocrx_word' id='word_1_181' title='bbox 973 3261 1087 3341; x_wconf 90' lang='lat' dir='ltr'>potuit</span> 
     </span>
     <span class='ocr_line' id='line_1_29' title="bbox 137 3348 1101 3445; baseline -0.003 -18"><span class='ocrx_word' id='word_1_182' title='bbox 137 3363 193 3427; x_wconf 92' lang='lat' dir='ltr'>vel</span> <span class='ocrx_word' id='word_1_183' title='bbox 219 3361 383 3445; x_wconf 90' lang='lat' dir='ltr'>impendi,</span> <span class='ocrx_word' id='word_1_184' title='bbox 411 3369 483 3426; x_wconf 87' lang='lat' dir='ltr'>tam</span> <span class='ocrx_word' id='word_1_185' title='bbox 509 3359 576 3442; x_wconf 93' lang='lat' dir='ltr'>ipsi</span> <span class='ocrx_word' id='word_1_186' title='bbox 600 3379 704 3442; x_wconf 90' lang='lat' dir='ltr'>quam</span> <span class='ocrx_word' id='word_1_187' title='bbox 726 3359 798 3423; x_wconf 88' lang='lat' dir='ltr'>suis</span> <span class='ocrx_word' id='word_1_188' title='bbox 825 3348 1101 3424; x_wconf 86' lang='lat' dir='ltr'>comitibusest</span> 
     </span>
     <span class='ocr_line' id='line_1_30' title="bbox 135 3457 1086 3546; baseline -0.003 -20"><span class='ocrx_word' id='word_1_189' title='bbox 135 3463 328 3546; x_wconf 90' lang='lat' dir='ltr'>impensum</span> <span class='ocrx_word' id='word_1_190' title='bbox 345 3481 369 3541; x_wconf 65' lang='grc'>;4</span> <span class='ocrx_word' id='word_1_191' title='bbox 386 3459 669 3526; x_wconf 89' lang='lat' dir='ltr'>concurrentibus</span> <span class='ocrx_word' id='word_1_192' title='bbox 702 3460 794 3523; x_wconf 92' lang='lat' dir='ltr'>enim</span> <span class='ocrx_word' id='word_1_193' title='bbox 829 3457 1086 3542; x_wconf 88' lang='lat' dir='ltr'>archiepiscopo</span> 
     </span>
     <span class='ocr_line' id='line_1_31' title="bbox 136 3558 1086 3641; baseline -0.008 -13"><span class='ocrx_word' id='word_1_194' title='bbox 136 3561 380 3628; x_wconf 88' lang='lat' dir='ltr'>Cantuariensi</span> <span class='ocrx_word' id='word_1_195' title='bbox 411 3581 488 3624; x_wconf 91' lang='lat' dir='ltr'>cum</span> <span class='ocrx_word' id='word_1_196' title='bbox 524 3559 599 3624; x_wconf 92' lang='lat' dir='ltr'>suis</span> <span class='ocrx_word' id='word_1_197' title='bbox 634 3558 863 3640; x_wconf 87' lang='lat' dir='ltr'>suffraganeis</span> <span class='ocrx_word' id='word_1_198' title='bbox 902 3559 1086 3641; x_wconf 89' lang='lat' dir='ltr'>episcopis,</span> 
     </span>
     <span class='ocr_line' id='line_1_32' title="bbox 135 3658 1086 3740; baseline -0.004 -13"><span class='ocrx_word' id='word_1_199' title='bbox 135 3683 214 3727; x_wconf 91' lang='lat' dir='ltr'>cum</span> <span class='ocrx_word' id='word_1_200' title='bbox 233 3663 416 3728; x_wconf 89' lang='lat' dir='ltr'>comitibus</span> <span class='ocrx_word' id='word_1_201' title='bbox 431 3668 467 3725; x_wconf 93' lang='lat' dir='ltr'>et</span> <span class='ocrx_word' id='word_1_202' title='bbox 482 3661 681 3736; x_wconf 89' lang='lat' dir='ltr'>baronibus,</span> <span class='ocrx_word' id='word_1_203' title='bbox 696 3678 775 3722; x_wconf 91' lang='lat' dir='ltr'>cum</span> <span class='ocrx_word' id='word_1_204' title='bbox 790 3658 882 3722; x_wconf 91' lang='lat' dir='ltr'>clero</span> <span class='ocrx_word' id='word_1_205' title='bbox 896 3664 931 3721; x_wconf 91' lang='lat' dir='ltr'>et</span> <span class='ocrx_word' id='word_1_206' title='bbox 945 3658 1086 3740; x_wconf 93' lang='lat' dir='ltr'>populo,</span> 
     </span>
    </p>
   </div>
   <div class='ocr_carea' id='block_1_6' title="bbox 130 3857 1087 4278">
    <p class='ocr_par' dir='ltr' id='par_1_6' title="bbox 130 3857 1087 4278">
     <span class='ocr_line' id='line_1_33' title="bbox 169 3857 1085 3926; baseline -0.008 -13"><span class='ocrx_word' id='word_1_207' title='bbox 169 3861 366 3926; x_wconf 57' lang='lat' dir='ltr'>maroam]</span> <span class='ocrx_word' id='word_1_208' title='bbox 400 3860 545 3921; x_wconf 81' lang='lat' dir='ltr'>According</span> <span class='ocrx_word' id='word_1_209' title='bbox 571 3864 598 3908; x_wconf 88' lang='lat' dir='ltr'>to</span> <span class='ocrx_word' id='word_1_210' title='bbox 622 3860 718 3922; x_wconf 84' lang='lat' dir='ltr'>hythe</span> <span class='ocrx_word' id='word_1_211' title='bbox 740 3863 829 3909; x_wconf 87' lang='lat' dir='ltr'>counts</span> <span class='ocrx_word' id='word_1_212' title='bbox 851 3859 880 3909; x_wconf 83' lang='lat' dir='ltr'>ol</span> <span class='ocrx_word' id='word_1_213' title='bbox 896 3857 1018 3907; x_wconf 85' lang='lat' dir='ltr'>Flanders</span> <span class='ocrx_word' id='word_1_214' title='bbox 1034 3858 1085 3907; x_wconf 89' lang='lat' dir='ltr'>aud</span> 
     </span>
     <span class='ocr_line' id='line_1_34' title="bbox 132 3928 1085 3994; baseline -0.008 -8"><span class='ocrx_word' id='word_1_215' title='bbox 132 3933 268 3994; x_wconf 84' lang='lat' dir='ltr'>Hoveden,</span> <span class='ocrx_word' id='word_1_216' title='bbox 286 3932 391 3981; x_wconf 67' lang='lat' dir='ltr'>hamas</span> <span class='ocrx_word' id='word_1_217' title='bbox 409 3928 511 3979; x_wconf 81' lang='lat' dir='ltr'>vvarned</span> <span class='ocrx_word' id='word_1_218' title='bbox 529 3931 564 3991; x_wconf 85' lang='lat' dir='ltr'>by</span> <span class='ocrx_word' id='word_1_219' title='bbox 581 3944 598 3979; x_wconf 86' lang='lat' dir='ltr'>a</span> <span class='ocrx_word' id='word_1_220' title='bbox 623 3930 744 3991; x_wconf 83' lang='lat' dir='ltr'>Guisnes,</span> <span class='ocrx_word' id='word_1_221' title='bbox 762 3929 805 3978; x_wconf 85' lang='lat' dir='ltr'>the</span> <span class='ocrx_word' id='word_1_222' title='bbox 827 3929 897 3978; x_wconf 84' lang='lat' dir='ltr'>duke</span> <span class='ocrx_word' id='word_1_223' title='bbox 913 3929 943 3978; x_wconf 80' lang='lat' dir='ltr'>of</span> <span class='ocrx_word' id='word_1_224' title='bbox 955 3928 1085 3978; x_wconf 82' lang='lat' dir='ltr'>louvaine</span> 
     </span>
     <span class='ocr_line' id='line_1_35' title="bbox 133 3999 898 4061; baseline -0.01 -5"><span class='ocrx_word' id='word_1_225' title='bbox 133 4007 216 4057; x_wconf 86' lang='lat' dir='ltr'>vision</span> <span class='ocrx_word' id='word_1_226' title='bbox 226 4007 252 4052; x_wconf 90' lang='lat' dir='ltr'>to</span> <span class='ocrx_word' id='word_1_227' title='bbox 262 4004 324 4052; x_wconf 86' lang='lat' dir='ltr'>visit</span> <span class='ocrx_word' id='word_1_228' title='bbox 333 4003 375 4051; x_wconf 87' lang='lat' dir='ltr'>the</span> <span class='ocrx_word' id='word_1_229' title='bbox 383 4001 451 4050; x_wconf 87' lang='lat' dir='ltr'>tomb</span> <span class='ocrx_word' id='word_1_230' title='bbox 462 3999 491 4048; x_wconf 83' lang='lat' dir='ltr'>ol</span> <span class='ocrx_word' id='word_1_231' title='bbox 499 4000 598 4050; x_wconf 85' lang='lat' dir='ltr'>Becket</span> <span class='ocrx_word' id='word_1_232' title='bbox 622 4000 673 4050; x_wconf 88' lang='lat' dir='ltr'>and</span> <span class='ocrx_word' id='word_1_233' title='bbox 683 4000 767 4049; x_wconf 88' lang='lat' dir='ltr'>others</span> <span class='ocrx_word' id='word_1_234' title='bbox 777 4015 784 4059; x_wconf 91' lang='lat'>;</span> <span class='ocrx_word' id='word_1_235' title='bbox 794 4015 828 4061; x_wconf 94' lang='lat' dir='ltr'>·p.</span> <span class='ocrx_word' id='word_1_236' title='bbox 840 4002 898 4048; x_wconf 73' lang='lat'>592.</span> 
     </span>
     <span class='ocr_line' id='line_1_36' title="bbox 130 4069 597 4131; baseline -0.019 -4"><span class='ocrx_word' id='word_1_237' title='bbox 130 4078 154 4127; x_wconf 86' lang='lat' dir='ltr'>il</span> <span class='ocrx_word' id='word_1_238' title='bbox 162 4077 194 4125; x_wconf 89' lang='lat' dir='ltr'>he</span> <span class='ocrx_word' id='word_1_239' title='bbox 211 4073 310 4123; x_wconf 85' lang='lat' dir='ltr'>wished</span> <span class='ocrx_word' id='word_1_240' title='bbox 325 4072 368 4121; x_wconf 90' lang='lat' dir='ltr'>the</span> <span class='ocrx_word' id='word_1_241' title='bbox 384 4084 503 4131; x_wconf 83' lang='lat' dir='ltr'>recovery</span> <span class='ocrx_word' id='word_1_242' title='bbox 514 4069 543 4118; x_wconf 86' lang='lat' dir='ltr'>of</span> <span class='ocrx_word' id='word_1_243' title='bbox 556 4070 597 4119; x_wconf 89' lang='lat' dir='ltr'>his</span> 
     </span>
     <span class='ocr_line' id='line_1_37' title="bbox 132 4131 1086 4205; baseline -0.018 -8"><span class='ocrx_word' id='word_1_244' title='bbox 132 4153 177 4197; x_wconf 84' lang='lat' dir='ltr'>soh</span> <span class='ocrx_word' id='word_1_245' title='bbox 197 4143 295 4205; x_wconf 90' lang='lat' dir='ltr'>Philip,</span> <span class='ocrx_word' id='word_1_246' title='bbox 318 4142 377 4191; x_wconf 91' lang='lat' dir='ltr'>then</span> <span class='ocrx_word' id='word_1_247' title='bbox 394 4141 466 4203; x_wconf 82' lang='lat' dir='ltr'>lying</span> <span class='ocrx_word' id='word_1_248' title='bbox 488 4139 596 4204; x_wconf 86' lang='lat' dir='ltr'>danger·</span> <span class='ocrx_word' id='word_1_249' title='bbox 656 4133 730 4185; x_wconf 81' lang='lat' dir='ltr'>’Rex</span> <span class='ocrx_word' id='word_1_250' title='bbox 745 4139 825 4183; x_wconf 84' lang='lat' dir='ltr'>autem</span> <span class='ocrx_word' id='word_1_251' title='bbox 844 4131 1010 4196; x_wconf 66' lang='lat' dir='ltr'>rugum]</span> <span class='ocrx_word' id='word_1_252' title='bbox 1038 4131 1086 4180; x_wconf 89' lang='lat' dir='ltr'>Di·</span> 
     </span>
     <span class='ocr_line' id='line_1_38' title="bbox 131 4206 1087 4278; baseline -0.021 -10"><span class='ocrx_word' id='word_1_253' title='bbox 131 4214 254 4278; x_wconf 82' lang='lat' dir='ltr'>ouslyill.</span> <span class='ocrx_word' id='word_1_254' title='bbox 290 4213 333 4262; x_wconf 86' lang='lat' dir='ltr'>He</span> <span class='ocrx_word' id='word_1_255' title='bbox 349 4225 404 4262; x_wconf 82' lang='lat' dir='ltr'>was</span> <span class='ocrx_word' id='word_1_256' title='bbox 414 4210 595 4277; x_wconf 84' lang='lat' dir='ltr'>accompanied</span> <span class='ocrx_word' id='word_1_257' title='bbox 621 4211 686 4270; x_wconf 86' lang='lat' dir='ltr'>ceto,</span> <span class='ocrx_word' id='word_1_258' title='bbox 696 4206 746 4256; x_wconf 89' lang='lat' dir='ltr'>eol.</span> <span class='ocrx_word' id='word_1_259' title='bbox 757 4208 817 4256; x_wconf 78' lang='grc'>604.</span> <span class='ocrx_word' id='word_1_260' title='bbox 1084 4243 1087 4248; x_wconf 92' lang='lat'>.</span> 
     </span>
    </p>
   </div>
   <div class='ocr_carea' id='block_1_7' title="bbox 0 0 1414 4882">
    <p class='ocr_par' dir='ltr' id='par_1_7' title="bbox 0 0 1414 4882">
     <span class='ocr_line' id='line_1_39' title="bbox 0 0 1414 4882; baseline 0 3"><span class='ocrx_word' id='word_1_261' title='bbox 0 0 1414 4882; x_wconf 95' lang='lat' dir='ltr'> </span> 
     </span>
    </p>
   </div>
  </div>
 </body>
</html>
