2820 4882
307 420 372 484 102
561 434 694 482 noenar
720 434 766 481 nn
790 433 998 481 wnuoovna

146 613 268 674 aanor.
308 612 367 656 eos
400 593 459 675 qui
493 612 603 675 nuper
632 593 843 657 advenerant
874 611 977 674 quam
1010 591 1097 655 alios
1129 589 1190 672 qui
1215 590 1261 654 ad

143 663 295 754 illidio.
308 713 403 757 mare
425 693 685 769 descenderant,
707 694 771 757 sub
794 692 893 757 salvo
911 692 955 755 ad
978 699 1094 755 castra
1118 691 1262 754 reduce·

309 802 395 858 rent.
449 792 640 858 Audientes
666 800 783 857 autem
808 792 1030 870 Antiocheni,
1050 791 1144 874 quod
1172 810 1265 874 prae-

297 893 394 958 dicti
407 894 579 976 principes
600 893 643 958 ad
658 912 752 957 mare
771 892 1031 969 descenderant,
1048 891 1162 955 missis
1179 910 1266 974 qua-

311 1002 391 1058 tuor
412 993 563 1058 millibus
586 993 827 1076 expeditorum
849 993 1010 1070 militum,
1032 991 1102 1055 illis
1125 992 1265 1057 obviam

311 1100 564 1178 processerunt,
587 1102 627 1156 ut
648 1100 812 1175 parantes
836 1093 1027 1176 peregrinis
1043 1091 1186 1156 iusidias
1204 1111 1266 1155 eos

311 1193 503 1259 interficere
526 1192 746 1273 laborarent;
777 1193 906 1258 factum
939 1200 992 1257 est
1022 1200 1150 1269 autem,
1185 1211 1265 1255 cum

313 1295 425 1376 plebei
456 1293 628 1375 peregrini
670 1313 747 1357 cum
783 1293 992 1358 victualibus
1028 1300 1064 1357 et
1095 1291 1266 1375 jumentis

314 1393 448 1479 onustis
464 1394 611 1457 inermes
631 1394 782 1458 redirent
804 1394 847 1457 ad
867 1401 995 1469 castra,
1017 1392 1125 1456 Turci
1145 1393 1190 1456 ab
1212 1393 1267 1456 iu-

314 1494 411 1557 sidiis
436 1500 653 1576 erumpentes
683 1494 719 1557 in
742 1495 835 1576 ipsos
860 1513 930 1557 non
958 1494 1110 1575 segniter
1132 1493 1268 1575 irrupe-

313 1601 416 1673 runt3
451 1601 572 1658 contra
604 1613 691 1676 quos
723 1613 800 1657 cum
834 1593 1007 1675 principes
1037 1592 1173 1675 praefati
1206 1581 1275 1656 dius

314 1694 562 1770 decertassent,
596 1695 753 1759 videntes
791 1693 931 1758 tandem
967 1694 1132 1776 imparem
1165 1693 1268 1756 nimis

315 1794 512 1858 conflictum
539 1802 659 1858 oontra
692 1802 826 1859 tantam
852 1794 1045 1858 Turcorum
1077 1792 1270 1858 multitudi-

316 1915 406 1972 nem,
423 1914 500 1958 cum
517 1893 585 1958 illis
601 1895 661 1976 qui
676 1914 735 1958 eos
755 1894 855 1977 sequi
876 1900 1038 1977 poterant
1057 1893 1269 1969 recedentes,

248 2053 250 2057 ,
316 1995 359 2058 ad
381 2001 498 2060 castra
524 1993 665 2058 deloco
691 1995 888 2064 certaminis
915 1993 1109 2072 redierunt;
1136 1993 1269 2058 cecide-

316 2103 399 2158 runt
423 2102 536 2158 autem
562 2095 610 2156 ibi
636 2114 681 2157 ex
712 2095 921 2177 pauperibus
946 2093 1137 2177 peregrinis
1167 2094 1269 2176 quasi

317 2197 463 2259 trecenti
477 2193 663 2277 promiscui
677 2213 782 2257 sexus
797 2202 832 2258 et
847 2193 973 2258 aetatis.

367 2372 417 2436 De
430 2380 532 2454 strupo
552 2371 723 2434 Parcarum
734 2371 927 2456 protasius
939 2379 966 2434 et
974 2362 1086 2455 prelio
1100 2380 1222 2434 eotenus

713 2470 867 2535 inaudito.

320 2644 327 2648 .,
368 2594 477 2659 Venit
493 2595 626 2659 interea
643 2614 760 2659 rumor
775 2595 810 2658 in
825 2601 953 2671 castra,
974 2594 1065 2676 quod
1085 2596 1270 2677 peregrini,

317 2695 376 2776 qui
394 2694 437 2757 de
454 2695 540 2759 mari
560 2695 782 2772 advenerant,
805 2695 957 2760 hostium
979 2694 1015 2758 in
1037 2696 1095 2759 via
1114 2697 1271 2778 perpessi

317 2795 460 2858 insidias
477 2814 595 2859 omnes
612 2796 791 2878 repentino
809 2797 940 2879 impetu
955 2796 1184 2875 corruissent3
1208 2796 1270 2860 sed

316 2894 498 2977 dumhere
527 2896 618 2960 inter
644 2915 682 2959 se
712 2896 883 2978 principes
915 2895 1016 2959 nimis
1047 2895 1271 2960 condolentes

317 2994 543 3072 ruminarent,
569 3014 648 3059 ecce
671 2996 897 3066 Boamuudus
921 3003 958 3061 et
982 3002 1063 3078 post
1089 2996 1271 3079 paululum

319 3113 435 3158 comes
451 3095 671 3160 Tbolosanus
688 3096 732 3160 ad
750 3103 865 3159 castra
883 3103 1116 3173 revertuntur,
1136 3115 1273 3160 casum-

319 3214 386 3277 que
401 3196 461 3277 qui
478 3196 651 3260 acciderat
674 3196 885 3278 principibus
907 3205 1131 3278 exponentes.
1182 3195 1271 3261 Axi-

320 3314 407 3359 anus
433 3296 564 3379 itaque,
584 3296 742 3360 dominus
761 3295 925 3372 civitatis,
945 3315 1158 3378 cognoscens
1178 3296 1272 3379 quod

319 3397 374 3461 sui
390 3396 539 3461 victores
557 3403 668 3472 erant,
690 3397 855 3479 praecepit
874 3402 995 3476 portas
1012 3397 1108 3460 urbis
1125 3399 1272 3480 aperire,

320 3504 359 3560 ut
374 3496 467 3560 cives
483 3503 694 3561 revertentes
717 3496 862 3561 liberum
883 3495 1049 3561 haberent
1064 3492 1271 3579 ingressum.

322 3587 388 3661 Sed
414 3596 588 3679 principes
612 3597 733 3673 nostri,
760 3596 970 3660 confratrum
991 3599 1194 3680 sanguinem
1217 3598 1272 3661 ul·

321 3696 404 3760 cisci
434 3698 646 3780 cogitantes,
669 3696 712 3761 ad
744 3716 840 3761 arma
865 3697 1105 3775 convolarunt,
1135 3706 1171 3762 et
1201 3699 1273 3762 dis·

321 3797 444 3879 positis
468 3796 607 3862 aciebus
631 3796 789 3864 hostibus
815 3805 1012 3875 occurrunt,
1029 3807 1065 3863 et
1079 3799 1183 3863 solita
1198 3799 1275 3880 gla-

321 3898 388 3961 diis
412 3898 650 3963 incumbentes
679 3899 877 3963 constantia
903 3899 939 3961 in
962 3898 1096 3964 Turcos
1124 3900 1273 3976 irruunt,

323 3999 395 4079 qui,
430 4000 502 4079 prae
532 3999 654 4063 timore
686 3999 881 4081 agminibus
914 3999 1273 4082 dissolutis-pontem

323 4098 475 4162 civitatis
500 4099 658 4162 certatim
677 4099 832 4163 obtinere
856 4099 1091 4178 contendunt3
1119 4101 1180 4164 sed
1200 4102 1274 4165 dux

325 4197 560 4281 Lotharingiee
575 4197 795 4278 GodefriduS‚
819 4220 896 4263 cum
920 4201 992 4264 suis
1012 4209 1151 4283 pontem
1173 4221 1275 4275 occu-
