2820 4882
308 395 373 459 140
563 412 697 460 noourn
721 413 767 459 nn
791 411 1002 460 wunnovnn·

146 583 270 682 {ll-&1022
310 569 588 650 congressionem
602 569 778 633 iterarent.
822 561 966 632 ¹Hoc
939 588 1039 650 signo
1056 567 1128 630 dux
1144 565 1260 630 Gode-

144 683 297 725 necturae..
309 666 418 731 fridus
446 669 617 733 exhilarat
603 676 659 733 tus
689 668 824 749 magnis
855 668 1063 731 clamoribus
1093 666 1260 749 populum

309 769 498 844 revocavit,
512 769 572 850 qui
587 775 686 832 tanto
703 768 838 832 fervore
858 767 902 831 ad
922 786 1075 849 pugnam
1098 786 1260 831 reversus

309 874 374 944 est,
399 874 439 930 ut
472 868 515 931 de
556 887 647 931 novo
687 866 844 949 praelium
876 868 1029 949 incipere
1062 865 1259 944 videretur3

309 966 408 1030 auxit
429 974 598 1048 praeterea
617 966 707 1031 vires
727 967 878 1029 omnium
903 973 938 1030 et
957 966 1115 1030 laetitiam
1138 966 1261 1029 solita·

309 1065 381 1130 rius
396 1066 548 1148 quidam,
563 1067 623 1148 qui
639 1066 675 1128 in
700 1073 817 1129 monte
834 1065 964 1131 Oliveti
984 1066 1177 1142 habitabat,
1199 1065 1260 1148 qui

309 1165 521 1245 confidenter
544 1166 749 1247 promiserat
771 1165 962 1248 peregrinis
979 1165 1041 1228 illa
1057 1157 1117 1228 'die
1139 1165 1260 1228 urbem

310 1264 382 1328 fore
409 1265 633 1346 capiendam
666 1263 740 1327 haec
766 1284 903 1346 quoque
928 1265 1029 1346 signa
1054 1284 1172 1328 omnes
1201 1283 1260 1327 ac-

310 1364 497 1428 cenderant
521 1365 639 1428 fideles
664 1365 885 1429 vehementer
911 1371 946 1428 et
969 1365 1159 1428 securiores
1181 1363 1261 1426 red-

311 1464 470 1527 diderant
485 1463 527 1527 de
539 1464 685 1538 victoria
700 1464 898 1530 obtinenda.
937 1464 1047 1526 Ducis
1061 1463 1167 1546 igitur
1185 1462 1261 1527 Go-

311 1562 433 1627 defridi
445 1570 480 1627 et
497 1565 660 1630 comitum
677 1562 843 1645 legiones,
859 1564 992 1645 praevia
1003 1563 1071 1626 Dei
1082 1564 1208 1645 gratia,
1218 1582 1261 1627 eo

311 1681 420 1745 usque
447 1663 676 1745 profecerant,
699 1670 739 1727 ut
759 1663 852 1726 vallo
878 1669 1019 1744 repente
1039 1663 1261 1746 complanato

312 1763 356 1826 ad
381 1783 515 1826 murum
544 1762 722 1839 haherent,
749 1763 883 1828 civibus
908 1762 1120 1843 defatigatis
1143 1780 1262 1826 acces·

236 1900 241 1911 ·
312 1881 410 1942 sum3
440 1862 601 1926 hortante
626 1864 745 1943 itaque
775 1862 873 1938 duce,
898 1862 934 1924 in
967 1862 1129 1925 culcitras
1162 1863 1261 1925 hom-

310 1963 386 2026 hice
411 1963 531 2044 plenas
555 1971 591 2026 et
614 1980 734 2027 saccos
760 1962 925 2025 stramine
942 1960 1099 2038 refertos,
1120 1981 1198 2043 quae
1223 1961 1262 2024 in

312 2062 454 2126 castello
473 2069 584 2139 erant,
602 2062 717 2143 ignem
742 2061 946 2146 injecerunt,
967 2061 1039 2143 qui,
1062 2060 1169 2124 flante
1188 2061 1267 2134 Bor

312 2181 384 2239 rea,
417 2181 584 2244 accensus
609 2162 740 2224 fumum
768 2161 859 2224 infra
886 2162 1005 2225 urbem
1033 2161 1264 2243 caliginosum

312 2263 463 2339 retorsit,
498 2282 567 2344 quo
604 2261 798 2343 protervius
831 2262 995 2337 instante,
1027 2261 1087 2344 qui
1123 2281 1262 2324 murum

311 2361 405 2424 intus
436 2363 641 2427 tenebantur
666 2360 861 2437 defendere,
885 2379 947 2423 ora
969 2361 1025 2424 vel
1049 2360 1167 2424 oculos
1191 2381 1263 2424 non

311 2460 467 2526 valentes
498 2461 642 2543 aperire,
680 2461 768 2523 muri
801 2460 993 2524 custodiam
1035 2460 1262 2542 reliquerunt.

314 2557 395 2637 Quo
421 2568 608 2642 comperto,
634 2557 707 2622 dux
732 2560 796 2622 suh
819 2559 912 2623 omni
938 2559 1114 2623 celeritate
1133 2561 1264 2637 trabeS,

314 2678 400 2740 quas
424 2658 541 2723 hostes
570 2660 605 2722 in
631 2659 739 2722 muris
766 2658 809 2722 ad
839 2665 995 2722 nostrum
1026 2659 1265 2741 appenderent

313 2766 568 2836 nocumentum,
601 2759 799 2841 assumpsit,
831 2765 866 2822 et
899 2766 1005 2839 caput
1041 2779 1148 2822 unum
1184 2780 1264 2822 curn

224 2862 228 2867 “
314 2858 474 2922 machina
506 2860 657 2941 positum
690 2865 725 2921 et
756 2858 899 2921 firmiter
941 2857 1129 2933 clavatum,
1169 2858 1265 2922 aliud

313 2978 419 3040 super
442 2958 594 3023 civitatis
614 2978 749 3022 murum
771 2956 925 3036 locavit3
961 2957 1083 3021 deinde
1111 2967 1265 3040 pontem,
1315 3009 1317 3013 «

314 3058 373 3139 qui
399 3059 435 3121 in
461 3057 620 3121 machina
643 3065 730 3134 erat,
755 3077 859 3138 super
879 3056 974 3139 ipsas
1000 3059 1117 3120 trahes
1142 3057 1266 3123 demit·

313 3164 399 3234 tens,
416 3157 491 3241 ipse
508 3158 580 3221 dux
596 3158 726 3240 primus
741 3157 906 3233 omniurn,
919 3164 959 3223 ut
973 3156 1072 3220 miles
1090 3163 1263 3236 strenuus,

313 3258 433 3321 urbem
455 3258 620 3322 audacter
644 3257 809 3337 intravit3
833 3276 934 3339 quem
951 3256 1058 3320 frater
1081 3257 1157 3340 ejus
1174 3258 1265 3321 Eus-

314 3356 461 3431 tachius,
484 3357 556 3420 dux
574 3356 855 3420 Normannorum
882 3356 1069 3434 Rohertus,
1091 3364 1126 3420 et
1148 3377 1264 3422 comes

316 3456 550 3534 FlandrensiS,
571 3477 647 3520 cum
667 3449 815 3520 ²Litolfo
834 3463 870 3521 et
892 3454 1070 3520 Gileherto
1087 3453 1268 3536 fratribus,

313 3563 395 3619 sunt
421 3557 542 3633 secuti,
570 3564 605 3620 et
637 3563 886 3639 consequenter
913 3555 1049 3620 infinita
1077 3555 1264 3621 multitudo

315 3663 386 3719 tam
407 3657 562 3738 equitum
587 3675 691 3738 quam
716 3655 883 3738 peditum,
909 3655 960 3718 ita
983 3662 1024 3719 ut
1047 3675 1136 3737 pons
1158 3657 1264 3721 susti-

315 3776 396 3819 nere
418 3776 486 3819 non
513 3763 642 3838 posset.
694 3755 864 3820 Videntes
891 3761 1007 3819 autern
1028 3754 1147 3832 Turci,
1172 3758 1264 3838 qnod

352 3925 425 3973 ¹Hoc
440 3924 511 3986 signo
527 3927 585 3973 ἀπ’
598 3923 774 3986 Godcsriduu]
801 3927 856 3973 erat
872 3923 1043 3973 constitutus.'
1077 3921 1148 3972 Will.
1159 3922 1221 3989 Tyr.
1237 3939 1264 3986 p.

315 3995 377 4055 ‘qui
402 4009 459 4043 eum
482 3995 558 4044 tratre
584 3994 722 4043 Eustochio
749 3995 776 4041 in
801 3997 858 4042 757,

315 4065 439 4125 superiori
461 4065 560 4114 castelli
585 4065 663 4113 nostri
690 4078 776 4112 eoena-
837 4059 946 4121 ⁹L2tolso
957 4067 981 4111 et
995 4056 1143 4129 Gileherto]
1158 4062 1268 4113 ‘hadol-

315 4134 382 4194 culo,
404 4134 438 4182 ad
459 4136 547 4184 urbem
569 4134 776 4196 impugnandam,
801 4132 1266 4197 susetGislehertusuterinitratres3'

315 4208 341 4251 et
348 4204 382 4252 ad
389 4204 489 4254 oauhus
498 4204 619 4254 tuendum
631 4204 775 4306 aedificium,
803 4202 871 4252 Will.
882 4203 944 4264 Tyr.
957 4218 982 4264 p.
995 4207 1052 4252 758.
