2820 4882
348 396 414 462 388
607 413 742 461 nouum
765 414 812 460 nu
830 413 1037 463 wuuoovun
1082 424 1088 436 ·

186 585 319 627 anim:
348 570 413 633 bus
434 589 512 633 cum
536 590 577 634 eo
596 569 814 648 introductis,
831 571 926 652 prior
944 577 998 633 est
1018 566 1205 633 abeodem
1226 568 1300 650 epi-

347 688 453 752 scopo
470 670 683 752 assignatus,
698 671 782 734 etin
797 688 862 734 sua
878 669 959 732 sede
973 669 1173 732 solemniter
1191 667 1299 731 collo-

348 777 461 853 catus,
498 769 578 848 Quo
594 770 699 834 etiam
716 779 871 853 tempore
885 788 949 832 rex
966 766 1174 850 anglorum,
1192 788 1301 849 regno

348 888 411 952 pro
434 887 499 933 sua
518 870 699 949 voluntate
721 869 903 951 disposito,
929 868 1062 945 decimo
1085 867 1219 950 quinto·
1234 865 1298 931 ka-

348 964 467 1033 lendas
487 969 699 1052 Septembris
720 969 756 1033 in
773 968 1024 1032 Normanniam
1045 966 1299 1045 transfretavit,

348 1076 395 1145 et,
420 1069 600 1133 confestim
625 1069 715 1133 inter
742 1087 859 1150 regem
886 1069 1097 1133 Francorum
1122 1075 1157 1131 et
1183 1067 1298 1150 ipsum

347 1168 466 1234 habito
484 1168 668 1252 colloquio,
693 1169 759 1232 boc
782 1166 884 1231 modo
908 1167 1128 1232 concordiam
1155 1167 1297 1246 ineunt3

347 1262 460 1351 ‘Ego¹
480 1268 699 1345 Lodowicus,
722 1271 785 1332 rex
805 1269 1031 1345 Francorum,
1048 1274 1084 1331 et
1106 1287 1172 1349 ego
1196 1267 1297 1332 Hen-

347 1366 451 1446 ricus,
469 1389 531 1432 rex
549 1366 755 1450 anglorum,
774 1369 935 1432 volumus
959 1367 1004 1432 ad
1028 1368 1181 1431 omnium
1207 1370 1298 1433 noti-

346 1468 432 1532 tiam
451 1469 642 1551 pervenire,
667 1488 742 1545 nos,
766 1468 844 1532 Deo
865 1468 1068 1551 inspirante,
1095 1468 1295 1550 promisisse

347 1575 382 1632 et
403 1568 602 1651 juramento
618 1568 848 1644 confirmasse,
872 1568 964 1650 quod
988 1567 1089 1631 simul
1108 1568 1234 1631 ibimus
1257 1569 1294 1632 in

346 1668 524 1732 servitium
542 1666 720 1745 Crucifixi,
736 1673 772 1732 et
788 1668 870 1731 ituri
888 1666 1169 1750 Hierosolymam
1184 1669 1295 1732 susci-

317 1837 319 1841 ,
345 1767 478 1850 piemus
500 1767 717 1849 signaculum
734 1775 865 1831 sanctae
888 1768 1012 1845 crucis,
1035 1774 1070 1832 et
1091 1767 1216 1832 amodo
1232 1788 1295 1833 vo-

342 1867 459 1931 lumus
482 1887 557 1931 esse
583 1868 684 1932 amici
707 1867 751 1930 ad
772 1867 932 1944 invicem,
956 1867 1007 1931 ita
1031 1867 1122 1951 quod
1148 1875 1294 1951 uterque

345 1975 500 2031 nostrum
524 1967 626 2032 'alteri
648 1967 868 2032 conservabit
895 1966 1060 2031 vitamet
1082 1969 1237 2032 membra
1259 1972 1296 2034 et

345 2067 509 2132 honorem
540 2075 713 2131 terrenum
743 2075 865 2132 contra
893 2086 1013 2131 omnes
1037 2067 1214 2148 homines;
1246 2077 1295 2147 et,

346 2168 376 2230 si
408 2187 634 2250 quaecumque
664 2186 813 2250 persona
844 2167 945 2231 elteri
976 2174 1133 2231 nostrum
1164 2169 1295 2233 malum

343 2267 457 2332 facere
482 2267 752 2351 praesumpserit,
777 2286 843 2348 ego
870 2266 1045 2332 Henricus
1064 2267 1198 2351 juvabo
1225 2269 1295 2334 Lo·

345 2366 526 2444 dowicum,
560 2386 676 2449 regem
710 2367 934 2445 Francorum,
967 2366 1142 2432 dominum
1166 2387 1295 2447 meum,

345 2475 467 2532 contra
482 2486 601 2531 omnes
615 2467 790 2546 bomines3
814 2474 850 2531 et
863 2487 928 2549 ego
944 2465 1155 2532 Lodowicus'
1160 2467 1295 2552 juvabo

345 2585 460 2648 regem
476 2566 670 2649 Anglorum
689 2566 881 2631 Henricum
899 2574 1021 2631 contra
1042 2587 1161 2632 omnes
1183 2568 1295 2633 homia

344 2685 418 2743 neS,
449 2667 539 2732 sicut
570 2667 704 2731 fidelem
730 2686 856 2744 meum,
883 2667 983 2748 salva
1008 2667 1075 2731 fide
1100 2687 1205 2750 quam
1236 2668 1294 2733 de·

343 2766 464 2830 bemus
490 2767 686 2832 hominibus
711 2767 840 2830 nostris
865 2766 1029 2848 quamdiu
1055 2768 1166 2846 nobis,¹
1181 2768 1294 2834 fideli-

343 2872 451 2929 tatem
478 2867 689 2950 servabunt.'
739 2862 832 2930 Acta
857 2873 972 2951 autem
995 2875 1089 2945 sunt,
1102 2868 1177 2932 haec
1200 2869 1294 2952 apud

343 2964 561 3031 Minantcurt
576 2966 723 3050 septimo
737 2963 904 3030 kalendas
920 2965 1092 3031 Octobris.
1167 2996 1169 3000 >
1239 2955 1249 2998 ’-

484 3138 534 3203 De
541 3098 735 3224 fondatione
749 3095 928 3203 monosterii
943 3139 980 3204 de
1002 3140 1176 3206 Wcstwoda
1223 3164 1226 3173 ·

179 3279 303 3370 ῥέπῃ.
399 3259 505 3327 Anno
521 3263 662 3326 Domini
682 3278 896 3327 nouxxv111.
914 3263 1112 3329 Richardus
1132 3265 1174 3331 de
1191 3264 1292 3347 Luci,

179 3374 245 3430 assy
340 3360 480 3444 Angliae
497 3362 725 3446 justiciarius,
746 3363 849 3427 tertio
875 3362 953 3427 idus
970 3363 994 3428 J
998 3365 1069 3430 unii
1085 3365 1293 3432 fundamenss

177 3428 277 3470 ‘mmm'
340 3468 385 3533 ta,
400 3462 487 3546 jecit
510 3462 554 3526 ad
585 3462 854 3527 construendam
875 3464 1056 3528 ecclesiam
1078 3475 1315 3533 conventuass.

339 3562 407 3625 lem
430 3562 652 3627 inhonorem
676 3563 769 3627 beati
791 3562 936 3627 Thomee
953 3566 1115 3648 martyris
1138 3567 1175 3630 in
1200 3568 1292 3647 loco,

340 3662 400 3745 qui
427 3669 573 3726 vocatur
603 3655 834 3740 ²Westwode,
859 3663 895 3726 in
926 3665 1100 3729 territorio
1123 3666 1292 3734 Roffensc

374 3860 447 3927 ¹Ego
465 3865 628 3930 maniosa]
656 3867 759 3928 Rymer,
781 3865 799 3916 i.
861 3862 1039 3932 ’Wertwodefl
1056 3870 1138 3919 celled
1155 3872 1210 3921 eleo
1230 3866 1293 3926 cos}

336 3948 363 3994 p.
375 3938 416 3984 50.
451 3935 596 3998 According
609 3943 635 3984 to
654 3937 800 3999 Bromptou,
824 3951 869 3986 nes
880 3939 976 3999 abbey3
994 3941 1148 4001 suppressed
1159 3943 1194 4003 by
1202 3943 1292 4007 Henrp

336 4002 387 4052 this
402 4010 546 4066 agreement
556 4019 611 4055 was
628 4007 731 4055 entered
747 4007 799 4055 into
824 4007 901 4057 VIII.
922 4009 949 4056 iu
967 4011 1042 4070 1524,
1058 4013 1084 4058 to
1100 4009 1200 4060 furnich
1216 4027 1233 4062 a
1253 4030 1293 4064 re·

335 4077 363 4121 at
370 4074 469 4137 Roueu,
479 4090 511 4124 on
519 4075 561 4126 the
572 4080 630 4127 dist
640 4077 799 4140 September;
824 4092 905 4127 venue
923 4077 963 4126 sor
981 4078 1095 4141 Wolsey‚
1117 4084 1143 4129 to
1165 4083 1243 4133 assist
1264 4086 1290 4134 iu

335 4143 384 4194 col.
397 4147 470 4196 1134.
823 4147 940 4208 building
957 4147 997 4197 his
1016 4150 1127 4213 colleges
1145 4158 1173 4200 at
1192 4153 1291 4206 Oxford

823 4217 1007 4280 audlpswich.
