2820 4882
313 405 359 475 28
571 420 705 468 nocam
731 421 778 466 nn
801 420 1007 466 wannovna

152 593 207 633 aa.
219 595 274 634 10⁸⁷.
314 578 492 662 praedicat,
507 577 721 658 denegabat3
744 577 863 658 itaque
877 577 1034 640 scatebat
1051 578 1163 640 omnis
1181 577 1271 641 Gal-

313 679 361 741 lia
384 678 460 761 ejus
477 678 635 741 doctrina
651 697 713 759 per
730 695 858 757 egenos
875 676 1062 753 scholares,
1077 696 1166 758 quos
1181 697 1269 759 quo-

314 777 454 841 tidianis
468 777 648 858 stipendiis
663 784 931 852 sustentaverat,
943 776 1135 857 divulgata.
1165 777 1268 840 Unde

314 896 406 959 papa
416 877 500 952 Leo,
512 876 571 959 qui
580 875 716 940 Victori
732 882 957 952 successerat,
970 875 1139 939 soliditati
1157 877 1267 940 eccle·

313 977 375 1039 siae
384 975 563 1040 catholicae
573 975 941 1057 providens,Vercellis
950 975 1132 1039 concilium
1142 976 1269 1039 statuit

313 1083 435 1139 contra
448 1076 573 1157 ipsum,
589 1075 648 1137 ubi
662 1076 863 1138 tenebrosas
879 1075 1035 1138 nebulosi
1048 1074 1175 1138 erroris
1190 1076 1267 1158 ejus'

312 1174 570 1256 evangeliorum
607 1175 883 1238 testimoniorum
920 1173 1055 1254 fulgore
1095 1175 1266 1254 detersit;

312 1274 372 1336 sed
398 1274 480 1336 licet
502 1274 648 1354 primum
667 1273 863 1356 juventutis
889 1274 1037 1336 calorem
1072 1274 1266 1356 aliquarum

310 1373 495 1436 haeresium
512 1372 711 1437 defensione
731 1372 961 1449 infamaverit,
979 1391 1055 1436 aevo
1077 1375 1267 1438 maturiore

311 1480 427 1536 tamen
444 1473 494 1534 ita
509 1472 666 1553 resipuit,
684 1479 724 1535 ut
738 1473 811 1536 sine
828 1473 1074 1535 retractatione
1091 1474 1263 1553 aquibus·

310 1570 389 1634 dam
414 1579 556 1635 sanctus
583 1572 761 1648 habeatur,
783 1573 820 1634 in
842 1572 960 1634 multis
981 1571 1142 1653 operibus
1166 1575 1266 1636 bonis

310 1678 346 1734 et
373 1670 523 1734 maxime
551 1671 746 1736 humilitate
772 1678 807 1735 et
834 1671 1130 1753 eleemosynarum
1157 1673 1266 1754 largi-

310 1770 404 1834 tione
419 1771 644 1853 approbatus.

475 1948 525 2011 Do
542 1945 712 2011 iooootiooo
726 1947 879 2032 sqvalolrri
901 1946 1075 2012 Wobocoii.

363 2069 443 2136 Hoc
460 2092 599 2154 quoque
616 2080 769 2153 tempore
789 2072 825 2134 in
847 2071 1026 2153 provincia
1042 2071 1266 2149 Walliarum,

311 2190 389 2252 quae
409 2171 484 2235 Ros
501 2179 658 2246 vocatur,
672 2171 852 2235 inventum
867 2179 920 2234 est
935 2164 1138 2236 ¹Walwenii
1151 2172 1266 2254 sepul-

311 2270 442 2346 chrum,
461 2272 520 2353 qui
538 2271 605 2334 fuit
622 2269 745 2334 Arturi
768 2272 886 2351 magni
908 2272 1001 2352 regis
1017 2271 1200 2334 Britonum
1218 2291 1264 2334 ex

276 2430 286 2448 „
311 2388 428 2432 sorore
459 2389 578 2451 nepos,
607 2389 712 2451 super
737 2371 848 2451 ripam
873 2371 990 2446 mariS,
1011 2370 1264 2451 longitudinem

310 2468 441 2531 babens
457 2469 717 2550 quatuordecim
733 2469 871 2550 pedum.
907 2470 1103 2550 Regnavit
1120 2471 1212 2533 enim
1225 2471 1263 2532 in

309 2587 351 2631 ea
379 2575 478 2651 parte
511 2569 715 2645 Britanniae,
744 2588 822 2651 quae
851 2569 1029 2651 hucusque
1052 2569 1264 2634 Walweitha

308 2675 475 2747 vocatur;
503 2669 556 2733 vir
577 2669 613 2731 in
636 2669 760 2731 militia
782 2669 875 2731 etin
899 2670 991 2731 omni
1017 2670 1184 2732 civilitate
1210 2669 1262 2733 sa-

308 2767 543 2845 mosissimus,
557 2768 647 2830 sicut
673 2768 842 2850 superine,
864 2768 923 2830 ubi
946 2769 989 2831 de
1012 2770 1119 2851 gestis
1144 2768 1262 2833 Brito·

308 2887 388 2931 num
405 2875 593 2932 tractatum
610 2875 675 2944 est,
688 2874 824 2931 constat
839 2868 1032 2932 luculenter
1045 2887 1261 2950 expressum.

392 3041 441 3102 Do
455 3050 548 3104 morto
570 3041 720 3105 Willelmi
734 3041 815 3127 repis
830 3041 954 3125 Aequa
961 3043 1077 3127 primi,
1093 3050 1121 3107 ct
1136 3042 1173 3106 olo

548 3141 741 3204 coronatione
763 3141 916 3205 Willelmi
930 3143 1016 3224 Rufi.

358 3264 487 3328 Eodem
502 3284 593 3328 anno
610 3285 673 3327 rex
690 3263 885 3345 Anglorum
903 3262 1099 3327 Willelmus
1114 3263 1151 3327 in
1169 3263 1261 3328 Nor-

307 3366 446 3428 mannia
460 3384 593 3450 moram
607 3363 749 3440 facienS,
765 3363 1016 3444 aliquantulum
1031 3381 1068 3426 se
1090 3363 1264 3430 continuit

307 3465 351 3526 ab
376 3464 565 3526 inimicitiis
588 3482 664 3525 cum
691 3482 773 3544 rege
797 3462 1011 3525 Francorum
1032 3455 1260 3543 ²contractis3

306 3563 405 3645 cujus
428 3583 491 3625 rex
511 3563 722 3625 Francorum
749 3561 931 3644 Philippus
954 3563 1100 3625 abutens
1122 3564 1260 3644 patien-

307 3663 367 3738 tia,
391 3663 614 3743 opprobriose
636 3661 746 3725 fcrtur
768 3661 910 3737 dixisse,
938 3661 1066 3738 ‘ch,'
1086 3662 1259 3743 inquiens,

306 3760 522 3842 ‘Anglorum
540 3760 636 3844 jacet
652 3761 877 3840 Rothomagi,
893 3761 1004 3824 cubile
1020 3761 1142 3825 fovens
1164 3782 1260 3826 more

304 3862 569 3945 parturientium
581 3860 819 3939 foeminarum
837 3853 926 3937 ³sed,
939 3879 1016 3923 cum
1028 3867 1108 3944 post
1119 3868 1258 3942 partum

338 4078 346 4109 ¹
362 4075 516 4148 Walweoii.]
529 4082 572 4130 He
582 4095 638 4130 was
648 4081 729 4129 killed
740 4087 767 4130 at
826 4077 836 4106 ²
849 4073 1012 4146 Contracta]
1025 4080 1138 4140 wanting
1148 4079 1175 4128 in
1188 4081 1220 4130 G.

304 4148 438 4200 Saudwich
456 4152 483 4200 in
500 4155 566 4212 5413
583 4165 625 4200 see
637 4152 687 4201 vol.
704 4152 721 4201 i.
739 4168 766 4213 p.
827 4148 907 4209 ³Sed,
923 4165 977 4198 cum
991 4149 1174 4213 postponam]
1193 4149 1257 4199 This

304 4218 346 4265 74.
790 4221 813 4269 is
824 4219 945 4269 recorded
955 4221 990 4282 by
1002 4220 1202 4280 Malmsburyas
1214 4219 1257 4269 the
