2820 4882
307 365 351 428 64
565 374 698 425 nocam
723 375 770 424 nu
793 350 1000 424 wnunovnu

146 552 268 593 annm
309 541 378 597 tem
401 532 515 597 acrius
538 531 749 615 affligebant.
802 533 929 597 Petrus
955 540 1071 597 autem
1096 531 1262 598 fraternis

147 603 208 642 Peter
217 603 253 643 the

145 653 238 693 Hermlt.

309 631 520 716 compatiens
536 633 695 709 miserim,
712 652 788 695 cum
807 633 1001 719 lachrymas
1016 632 1176 697 cohibere
1193 654 1263 698 non

308 741 439 816 posset,
468 732 675 814 patriarchae
713 733 901 814 respondit,
938 733 1128 809 ‘Noveris
1160 741 1263 816 pater

308 842 439 910 sancte,
464 831 555 914 quod
581 832 726 896 ecclesia
749 831 908 895 Romana
935 840 971 895 ct
998 833 1171 916 principes
1204 853 1262 897 oc·

307 932 464 1007 sidentis,
490 932 520 994 si
547 930 651 1014 hujus
673 931 882 995 calamitatis
902 931 1101 1013 diligentem
1129 940 1164 997 et
1192 933 1260 996 fide

307 1031 450 1113 dignum
471 1030 637 1094 haherent
657 1031 911 1108 instructorem,
928 1038 1104 1097 tentarent
1119 1033 1259 1114 procul·

306 1132 411 1196 dubio
425 1131 479 1194 his
494 1131 593 1193 malis
610 1131 734 1194 vestris
750 1131 901 1194 remedia
916 1151 1122 1213 procurare3
1148 1134 1261 1197 scribe

306 1232 414 1312 igitur
428 1231 641 1311 diligentius
664 1237 740 1293 tam¹
756 1230 894 1294 domino
918 1250 1019 1313 papae
1042 1239 1077 1294 et
1101 1233 1259 1297 ecclesiae

308 1331 489 1407 Romanae,
501 1350 604 1413 quam
620 1330 760 1411 regibus
775 1337 809 1393 et
826 1330 1038 1413 principibus
1055 1333 1258 1408 occidentis,

306 1439 341 1495 ct
368 1451 434 1514 ego
462 1450 525 1514 pro
552 1430 701 1494 remedio
731 1430 856 1494 animae
878 1450 976 1508 meae,
999 1439 1140 1495 auctore
1165 1431 1258 1510 Deo,

306 1539 448 1614 paratus
472 1551 531 1594 ero
557 1549 787 1592 aerumnarum
814 1537 1004 1594 vestrarum
1032 1531 1259 1597 immensitati

305 1631 504 1713 protestari,
533 1637 568 1693 et
601 1629 644 1692 ad
674 1630 862 1692 remedium
894 1630 1148 1712 procurandum
1181 1634 1260 1696 uni-

306 1749 425 1794 versos
451 1737 486 1794 et
514 1730 668 1809 singulos
690 1728 861 1794 invitare.’
917 1729 1056 1795 Placuit
1084 1750 1198 1796 sermo
1221 1734 1257 1797 in

306 1831 415 1894 oculis
435 1836 506 1893 tam
529 1828 735 1911 patriarchae
753 1849 857 1912 quam
877 1830 1089 1895 adstantium
1107 1833 1257 1914 populo·

305 1951 393 2006 rum,
416 1937 463 2006 et,
481 1930 644 2011 impensis
661 1929 852 2010 gratiarum
869 1930 1075 2006 actionibuS,
1091 1932 1167 1995 viro
1185 1932 1255 1998 Dei

305 2031 471 2113 scriptum
495 2030 676 2112 porrigunt
698 2029 923 2111 postulatum.
977 2028 1114 2095 Accidit
1138 2041 1255 2098 autem

305 2130 360 2195 dic
376 2131 538 2213 quadam,
560 2149 637 2192 cum
653 2129 839 2212 praedictus
854 2129 922 2192 Dei
942 2129 1092 2194 famulus
1109 2131 1152 2195 de
1175 2134 1253 2197 red-

304 2231 356 2294 itu
374 2231 416 2293 ad
433 2231 585 2312 propria,
599 2248 662 2310 pro
677 2228 850 2310 implenda
870 2228 1043 2311 legatione
1063 2241 1254 2314 assumpta,

304 2331 453 2412 amplius
470 2330 572 2393 solito
590 2336 681 2392 esset
703 2328 883 2405 sollicituS,
900 2330 1079 2394 ecclesiam
1096 2332 1254 2396 Domini-

301 2449 353 2493 cae
370 2430 629 2492 resurrectionis
644 2429 821 2509 ingressus
836 2437 901 2500 est,
917 2430 959 2492 ad
978 2430 1105 2494 fontem
1121 2433 1254 2496 miseri·

303 2530 428 2594 cordiae
451 2536 527 2592 tota
552 2529 735 2592 devotione
758 2548 948 2606 recurrens,
973 2531 1032 2593 uhi
1062 2550 1140 2594 cum
1173 2552 1252 2614 per-

302 2637 448 2694 noctans
465 2629 592 2711 vigiliis
614 2636 649 2692 et
672 2629 884 2692 orationibus
905 2629 1071 2709 fatigatus
1094 2631 1131 2694 in
1155 2635 1253 2714 pavi-

302 2737 418 2794 mento
444 2729 617 2801 decubuit,
642 2735 681 2791 ut
706 2746 827 2791 somno
852 2729 1068 2794 satisfaceret
1093 2729 1252 2811 irruenti,

301 2830 394 2893 illico
417 2848 540 2912 sopore
557 2829 769 2909 interceptus
786 2828 872 2892 vidit
893 2830 959 2891 sihi
975 2829 1114 2895 adstare
1129 2831 1253 2896 Domi·¹

302 2947 384 2992 num
402 2928 425 2992 J
428 2948 524 2992 esum
543 2927 731 3004 Christum,
752 2929 810 3010 qui
837 2928 1022 3011 injungens
1049 2930 1081 2993 ei
1106 2931 1253 3013 legatio·

302 3048 380 3093 nem
409 3029 621 3111 praemissam
646 3027 748 3105 dixit,
773 3027 919 3109 ‘Surge
940 3029 1062 3106 Petra,
1091 3051 1253 3115 propera,

302 3136 336 3193 et
353 3128 543 3211 intrepidus
560 3147 700 3211 perage,
718 3147 797 3210 quae
811 3128 874 3191 tihi
891 3137 971 3192 sunt
987 3130 1155 3213 injuncta,
1175 3133 1252 3216 Ego

301 3231 393 3293 enim
416 3236 529 3292 tecum
552 3247 633 3307 ero;
664 3235 800 3310 tempus
822 3235 875 3291 est
896 3229 986 3292 enim
1004 3237 1042 3293 ut
1059 3240 1253 3313 purgentur

301 3337 435 3406 sancta,
451 3336 486 3393 et
505 3329 590 3392 meis
608 3328 833 3392 subveniatur
849 3328 979 3392 servis?
1018 3330 1254 3413 Expergefac-

301 3438 358 3494 tus
381 3429 507 3493 Petrus
530 3436 564 3492 et
586 3428 629 3490 de
650 3427 780 3491 visione
807 3428 1034 3505 confortatae,
1058 3437 1164 3513 atque
1187 3435 1250 3497 ad·

301 3529 524 3594 monitionem
545 3527 697 3591 divinam
714 3527 936 3609 amplectens
960 3530 1164 3612 intrepidus,
1186 3534 1251 3597 im-

301 3630 411 3712 piger,
427 3647 541 3692 moras
563 3626 704 3709 rumpit,
727 3635 773 3704 et,
792 3627 885 3691 facta
902 3629 1069 3706 oratione,
1090 3630 1134 3692 ad
1155 3652 1250 3698 mare

300 3729 446 3793 festinus
468 3728 581 3791 viator
602 3726 803 3806 descendit3
831 3728 890 3789 uhi
912 3747 1035 3791 navem
1059 3732 1249 3797 ascendens

300 3848 466 3912 prospera
480 3826 702 3907 navigatione
719 3826 763 3889 ad
782 3826 910 3890 Barum
930 3830 1099 3910 pervenit,
1113 3838 1148 3894 et
1170 3833 1250 3898 inde

301 3928 449 3992 Romam
478 3927 653 4010 profectus
682 3945 808 4008 papam
840 3926 1019 3990 Urbanum
1047 3931 1187 4011 reperit,
1214 3942 1249 3997 et

297 4026 503 4110 patriarchae
525 4027 643 4091 literas
661 4025 893 4109 fideliumque,
911 4028 971 4109 qui
992 4027 1248 4114 Hierosolymis

297 4135 408 4203 erant,
424 4127 616 4210 porrigens,
631 4146 749 4190 eorum
767 4127 923 4191 miserias
944 4135 979 4192 et
996 4135 1098 4212 terrae
1114 4140 1247 4199 sanotae
