2820 4882
370 393 509 442 neonus
533 393 802 442 msronmnuu.
994 377 1060 443 145

106 546 285 628 reperiunt
301 549 459 612 omnibus
476 549 575 612 bonis
590 548 763 627 refertam,
778 548 869 612 unde
888 567 910 611 a
927 547 1057 631 majore
1069 566 1124 627 sp.
1135 568 1191 607 nso.

104 665 215 728 usqne
247 647 291 710 ad
323 648 500 711 minimum
534 656 713 730 coeperunt
743 649 915 730 copiosius
947 649 1055 712 abun·
1067 617 1218 707 albidis..

105 745 210 824 dare;
234 748 494 830 reperiebantur
507 750 598 811 enim
615 749 650 810 in
667 748 821 812 aedificiis
843 756 878 812 et
897 748 1055 812 domibus

104 845 292 910 confractis
321 847 397 910 auri
428 856 464 911 et
492 849 640 929 argenti,
670 867 881 928 gemmarum
913 854 948 911 et
977 867 1056 929 pre·

105 944 275 1008 tiosarum
296 945 455 1023 vestium,
479 946 654 1022 frumenti,
682 948 753 1011 viui
777 955 812 1011 et
832 947 911 1023 olei,
933 946 994 1009 sed
1019 954 1055 1010 et

56 1106 58 1112 .
105 1063 289 1125 aquarum,
321 1045 412 1109 unde
438 1045 475 1109 in
499 1047 676 1110 obsidione
701 1048 890 1110 maximam
917 1045 1056 1109 fuerant

105 1145 288 1225 penuriam
311 1147 476 1227 perpessi,
498 1146 656 1226 ingentes
674 1147 795 1228 copiae,
811 1146 902 1208 unde
925 1152 960 1208 et
976 1147 1056 1227 ipsi,
1091 1159 1094 1164 ’

106 1243 168 1324 qui
186 1243 253 1307 sibi
269 1244 389 1308 domos
412 1245 691 1321 vendicaverant,
719 1253 879 1326 poterant
898 1244 1056 1325 indigen·

106 1342 200 1407 tibus
215 1343 260 1406 ad
274 1342 512 1408 sufficientiam
527 1343 692 1408 fratribus
706 1346 913 1409 ministrare.
967 1344 1056 1408 Fac·

107 1448 182 1504 tum
203 1449 257 1506 est
270 1451 408 1520 autem,
425 1452 464 1507 ut
480 1445 633 1508 secunda
652 1452 730 1526 post
747 1446 926 1509 victoriam
947 1444 1001 1507 die
1021 1450 1056 1507 et

107 1541 270 1624 deinceps
301 1543 376 1607 foro
403 1544 541 1626 publico
565 1564 680 1608 rerum
713 1545 885 1608 venalium
917 1545 1057 1624 optimis

105 1640 363 1706 conditionibus
393 1643 637 1707 exhiberentur
663 1647 878 1721 commercia,
903 1643 954 1706 ita
982 1644 1057 1725 qui-

105 1741 186 1804 dem
205 1748 246 1805 ut
267 1742 364 1824 plebs
380 1742 520 1806 inferior
542 1744 743 1807 necessariis
765 1746 923 1809 omnibus
948 1743 1058 1805 abun·

107 1841 220 1905 daret.

234 2017 384 2096 Qannodo
390 2019 551 2103 princepae
564 2040 660 2104 repam
676 2028 704 2082 ct
710 2018 933 2104 patriarchum

484 2120 679 2183 constituunt.

148 2241 320 2324 'Cumque
342 2262 404 2325 per
425 2242 498 2306 dies
520 2250 649 2324 septem
677 2244 851 2326 principes
876 2243 912 2305 in
939 2249 1206 2355 sanctafplegpnor

111 2342 254 2406 civitate
269 2342 304 2404 in
320 2344 437 2423 quiete
454 2342 645 2424 laetitiaque
663 2342 834 2424 spirituali
851 2350 987 2424 tempus
1002 2362 1061 2405 ex·
1149 2332 1154 2343 ’

114 2442 279 2521 egissent,
296 2448 532 2508 convenerunt
556 2443 728 2524 principes
750 2449 876 2505 octava
901 2442 956 2505 die
975 2450 1064 2505 trac-

113 2541 233 2618 taturi,
253 2560 315 2623 per
340 2542 489 2622 gratiam
514 2541 633 2605 Sancti
659 2542 820 2623 Spiritus,
845 2549 884 2605 ut
913 2542 1063 2623 aliquem

113 2640 155 2704 de
186 2661 250 2704 suo
280 2641 445 2722 eligerent
468 2640 625 2722 collegio,
648 2643 708 2723 qui
730 2642 850 2722 praesit
872 2642 1005 2722 regioni
1028 2649 1064 2705 et

112 2741 148 2802 iu
177 2741 320 2804 civitate
348 2747 470 2804 sancta
501 2741 631 2821 regiam
662 2741 817 2804 obtineat
847 2741 1063 2822 dignitatem.

113 2833 205 2903 Nec¹
230 2840 504 2922 praetereundum
528 2859 664 2912 censeo,
689 2839 780 2921 quod
803 2841 1064 2922 peregrinorum

111 2939 321 3004 universitas
338 2940 403 3004 hoc
419 2940 594 3004 decretum
614 2942 704 3003 inter
724 2960 761 3003 se
782 2947 986 3015 sanxerunt,
1010 2941 1064 3003 in·
1123 2944 1127 2951 '

10 3033 13 3039 ’
112 3046 239 3103 vocato
253 3039 296 3103 de
313 3040 407 3103 caelis
425 3040 469 3102 ab
487 3041 605 3121 magni
627 3040 762 3103 consilii
777 3040 901 3121 angelo
919 3040 1064 3116 auxilio,

149 3271 158 3303 ¹
168 3275 222 3322 Nec
236 3273 451 3337 pretereundum]
474 3272 527 3321 The
542 3272 579 3321 le·
590 3283 591 3288 ’
603 3273 689 3334 kynge
700 3272 729 3320 ol
736 3273 906 3321 iherusalem.
930 3273 1067 3322 Butwhan

114 3344 191 3406 gend,
201 3343 287 3392 which
298 3344 325 3390 in
335 3343 385 3392 this
397 3347 462 3392 most
476 3346 579 3403 corrupt
603 3342 635 3391 he
647 3342 724 3392 herde
736 3343 765 3390 oi
775 3343 816 3390 the
832 3342 892 3391 deth
908 3342 937 3390 of
953 3342 993 3390 his
1011 3345 1068 3392 bro·

114 3414 292 3475 interpolation
313 3414 336 3461 is
358 3412 477 3462 intended
499 3416 525 3460 to
549 3413 578 3460 be
604 3413 658 3473 der,
678 3412 805 3473 Wyllyam
829 3412 914 3474 kyuge
936 3412 965 3460 ol
984 3414 1067 3474 Euge·

115 3483 254 3544 conveyed,
271 3497 329 3544 may
340 3484 397 3532 best
410 3484 441 3532 be
459 3481 580 3544 gethered
603 3482 688 3544 lende,
699 3482 731 3530 he
743 3482 843 3530 refused
861 3497 893 3542 ye
910 3481 1068 3544 kyngedome

115 3554 179 3602 from
200 3553 243 3602 the
262 3553 379 3602 annexed
398 3557 495 3602 extract
517 3552 580 3600 from
604 3552 633 3601 oi
641 3552 811 3609 ¹lherusalem‚
823 3556 867 3600 not
877 3553 988 3612 bycause
997 3551 1025 3600 of
1030 3567 1068 3600 re·

113 3618 240 3673 Trevisa's
261 3623 362 3672 version
384 3622 412 3672 of
436 3623 478 3671 the
504 3622 581 3682 Poly·
605 3628 720 3682 verenae,
729 3621 820 3670 butior
828 3622 905 3670 drede
917 3620 946 3669 of
953 3622 1068 3683 trauayle

114 3693 267 3752 chronicou3
283 3693 364 3741 ‘Also
374 3696 402 3741 at
411 3693 582 3752 Jherusalem,
606 3707 635 3740 or
645 3697 765 3752 couetyse
777 3691 806 3739 oi
818 3692 860 3739 the
873 3690 1030 3751 kyngedome
1044 3692 1073 3740 oi

15 3796 18 3801 ι
115 3762 581 3824 inanEestereuen,hestodeamonge
607 3761 774 3824 Engelonde.'
786 3761 829 3810 fol.
840 3761 961 3810 cclxxvii.
971 3763 996 3810 b.
1008 3762 1070 3811 edit.

115 3832 187 3881 other
197 3847 254 3880 men
265 3831 316 3881 aud
324 3832 405 3881 abode
412 3832 454 3882 the
466 3831 521 3894 syre
528 3833 582 3880 that
607 3836 681 3881 1527.
711 3831 834 3892 Compare
847 3831 960 3894 Fabyan,
975 3847 1001 3892 p.
1014 3835 1071 3880 254.

117 3917 170 3951 was
187 3906 272 3950 wonte
289 3905 315 3949 to
332 3915 402 3950 come
421 3902 484 3951 from
501 3903 582 3951 heuen
608 3903 684 3963 Upon
690 3902 732 3949 the
740 3901 1013 3964 questionwhether,or
1019 3907 1071 3962 not,

116 3972 167 4020 and
184 3971 273 4032 lyghte
290 3985 358 4020 some
378 3986 481 4022 mannes
500 3976 581 4032 taper.
608 3973 760 4019 Robertwas
768 3986 826 4019 ever
835 3971 929 4020 offered
938 3972 979 4020 the
987 3987 1072 4022 crown

117 4042 220 4090 Thenne
237 4041 279 4089 his
294 4045 368 4102 taper
385 4055 439 4089 was
457 4041 530 4102 lyght
548 4042 582 4101 by
611 4041 640 4090 oi
643 4040 845 4102 Jerusalem,the
854 4041 943 4090 render
950 4057 1008 4104 may
1015 4057 1073 4092 con·

119 4111 218 4174 doynge
253 4110 304 4158 and
332 4115 419 4173 vertue
451 4111 480 4159 oi
514 4109 583 4160 God.
610 4110 1073 4174 sultMille,HistoftheCrusades,

120 4182 238 4232 Tberiore
256 4181 290 4230 all
325 4195 382 4229 meu
414 4180 490 4229 chose
523 4181 583 4241 hym
611 4181 628 4229 i.
641 4184 736 4243 pcltl,
747 4185 802 4240 note
813 4173 860 4230 Κ(

175 4273 256 4320 VOL.
273 4272 313 4319 ll.
904 4273 926 4319 L
