2820 4882
375 423 513 472 ruerus
537 424 806 472 ursrosmauu.
997 406 1064 470 195

115 596 202 655 rum,
221 579 322 663 cujus
345 601 470 664 corpus
490 582 583 664 apud
599 581 947 646 westmonasterium
965 580 1060 661 quie-
1072 597 1195 637 annu.

114 683 181 739 tem
204 680 394 760 sepulturae
416 682 562 765 accepit,
584 689 619 745 et
641 682 756 744 anima
778 680 854 763 ejus
876 699 914 742 se
936 679 1058 743 caelum

114 777 289 858 possidere
314 780 530 844 evidentibus
547 781 655 862 signis
678 788 713 844 et
734 779 910 843 miraculis
932 779 1060 843 crebris

115 878 276 942 ostendit.
341 879 431 944 Haec
453 889 570 945 autem
595 881 716 961 regina
740 879 938 943 beatissima
967 878 1060 960 apud

115 977 232 1041 urbem
260 978 517 1043 Londoniarum
539 979 677 1044 domum
701 978 886 1043 aedilicavit
906 978 1060 1060 leproso·

116 1094 201 1152 rum,
224 1096 302 1141 cum
325 1080 477 1143 oratorio
500 1086 536 1143 et
557 1079 702 1142 aedificio
724 1078 945 1161 competenti,
968 1076 1060 1157 quod

116 1194 224 1257 usque
240 1177 343 1242 hodie
357 1178 544 1262 Hospitale
557 1178 714 1242 Matlldis
729 1185 959 1259 nuncupatur.

281 1352 331 1414 De
345 1351 463 1437 cracina
476 1352 595 1416 ardicis
609 1352 731 1416 militie
748 1350 878 1436 Templi.

168 1468 285 1539 Circa¹
300 1474 374 1540 dies
389 1477 475 1541 istos
493 1477 559 1541 viri
573 1477 713 1560 quidam
728 1475 861 1540 nobiles
877 1475 920 1537 de
935 1493 1060 1557 eques·
1072 1491 1170 1531 ornan

118 1574 161 1636 tri
182 1574 314 1653 ordine,
333 1562 487 1659 religiosi
508 1595 550 1640 ac
566 1578 678 1640 Deum
694 1577 866 1650 timentes,
883 1575 920 1638 in
938 1594 1059 1637 manus
1071 1542 1180 1681 iidffii

119 1674 325 1755 patriarchae
352 1676 673 1760 Hierosolymitani,
701 1674 831 1739 Christi
857 1694 895 1738 se
918 1674 1059 1739 servitio
1071 1644 1121 1682 ‘w'
1165 1669 1170 1680 '

118 1775 369 1856 mancipantes,
391 1795 487 1840 more
512 1777 757 1840 canonicorum
779 1774 1001 1856 regularium,
1025 1773 1060 1835 in

117 1873 279 1938 castitate
302 1882 338 1938 et
362 1875 558 1940 obedientia
581 1875 799 1959 propriaeque
815 1874 987 1938 voluntati
1008 1892 1061 1936 re·

119 1973 332 2051 nuntiantes,
352 1982 519 2057 perpetuo
540 1974 657 2039 vivere
676 1983 759 2038 sunt
775 1972 946 2056 professi3
977 1992 1060 2054 quo

120 2092 193 2135 rum
225 2074 327 2154 primi
356 2074 497 2138 suerunt
530 2075 594 2138 viri
618 2073 845 2150 venerabiles,
878 2071 986 2152 Hugo
1019 2070 1062 2133 de

121 2171 276 2252 Paganis
311 2180 347 2237 et
376 2173 586 2238 Godefridus
615 2174 658 2237 de
689 2172 818 2236 Sancto
850 2169 1061 2234 Audemaro.

121 2270 295 2349 Quicum
327 2280 420 2337 certe
451 2292 521 2337 non
554 2272 721 2337 haberent
749 2270 970 2346 domicilium,
1000 2289 1063 2332 rex

122 2370 343 2436 Baldewinus
365 2373 403 2434 in
417 2372 549 2455 palatio
571 2392 647 2449 suo,
664 2372 757 2455 quod
781 2390 881 2435 secus
898 2369 1064 2451 templum

120 2470 261 2534 Domini
279 2471 322 2534 ad
344 2472 530 2536 australem
551 2472 701 2536 habebat
722 2472 874 2555 plagam,
897 2471 946 2533 eis
968 2468 1066 2532 habi-

121 2570 274 2635 taculum
295 2571 486 2651 concessit3
511 2572 668 2636 canonici
686 2591 769 2635 vero
789 2570 909 2652 templi
926 2568 1066 2632 Domini

120 2670 296 2752 platearum,
313 2691 417 2753 quam
437 2671 530 2734 circa
553 2671 755 2753 praedictum
774 2670 949 2733 habebant
969 2668 1066 2750 pala·

122 2771 221 2847 tium,
235 2770 280 2833 ad
293 2769 447 2834 officinas
462 2771 713 2835 construendas
725 2775 982 2846 concesseruut3
1003 2786 1065 2850 pa-

123 2868 276 2934 triarcha
299 2889 438 2952 quoque
459 2877 494 2935 et
516 2880 591 2943 rex,
616 2891 693 2934 cum
717 2871 789 2934 suis
810 2868 1009 2951 proceribus
1031 2874 1066 2930 et

123 2969 201 3032 aliis
223 2969 445 3033 ecclesiarum
470 2971 638 3052 praelatis,
657 2970 700 3033 de
722 2969 869 3051 propriis
888 2967 1067 3033 dominicis

123 3069 195 3132 suis
213 3088 276 3151 pro
296 3069 391 3133 victu
412 3076 447 3133 et
462 3070 591 3134 vestitu
609 3078 705 3133 certa
725 3070 774 3132 eis
799 3067 965 3131 beneficia
985 3085 1067 3128 con·

124 3167 289 3232 tulerunt.
341 3168 460 3232 Prima
476 3188 595 3232 eorum
613 3167 781 3251 professio
799 3173 885 3243 erat,
900 3174 949 3241 ut,
963 3165 1000 3227 in
1014 3183 1067 3225 re-

124 3266 320 3332 missionem
334 3275 555 3350 peccatorum
572 3287 725 3345 suorum,
742 3268 818 3331 vias
833 3272 868 3329 et
882 3264 1008 3329 itinera
1022 3261 1067 3326 ad

125 3367 274 3432 salutem
299 3368 558 3449 peregrinorum
582 3374 705 3431 contra
730 3367 905 3430 latronum
927 3362 1069 3427 insidias

124 3486 188 3547 pro
212 3465 343 3530 viribus
365 3474 631 3546 conservarent3
662 3467 813 3542 tandem,
839 3471 918 3546 post
946 3481 1069 3526 novem

125 3583 247 3643 annos,
268 3565 305 3629 in
329 3553 480 3630 concilio'
498 3565 618 3630 Trecis
641 3566 815 3630 celebrato
834 3563 995 3627 instituta
1017 3568 1070 3624 est

126 3665 174 3728 eis
198 3662 332 3746 regula,
353 3672 388 3728 et
407 3664 546 3730 habitus
564 3666 664 3729 albus
686 3684 708 3727 a
732 3683 824 3747 papa
843 3661 1001 3726 Honorio
1016 3679 1070 3722 as·

125 3763 295 3847 signatus,
313 3771 349 3827 et
363 3764 517 3828 decursis
531 3764 602 3827 fere
619 3783 742 3827 novem
761 3763 872 3839 annis,
896 3761 957 3843 qui
975 3759 1071 3841 prius

126 3883 248 3928 novem
267 3863 407 3927 suerunt
422 3863 673 3938 tantummodo,
689 3863 796 3944 coepit
815 3879 932 3924 eorum
953 3878 1073 3921 nume·

128 3983 187 4026 rus
211 3963 344 4044 augeri,
364 3969 399 4026 et
420 3963 656 4046 possessiones
676 3961 712 4024 in
729 3961 944 4024 immensum.
970 3956 1074 4021 Post-

161 4139 170 4172 ¹
183 4139 406 4203 ceramum]
422 4139 476 4188 'l'he
484 4144 592 4189 account
616 4141 717 4199 p.819;
734 4150 850 4196 compare
860 4134 923 4184 with
931 4135 951 4183 it
960 4133 1076 4198 Mirans,

127 4208 592 4272 followlngislromwilllamol'l'yre,
618 4207 683 4257 0rd.
692 4208 810 4268 Equestr.
821 4206 867 4255 lib.
876 4206 894 4255 i.
905 4205 1023 4326 §ovam
