2820 4882
305 408 370 472 108
559 425 694 472 nocanr
718 425 766 471 ns
789 424 997 472 wnnoovnn

145 611 199 672 ip.
211 611 267 650 00.
302 583 377 667 jam
394 590 495 649 nocte
512 584 624 648 media
641 583 858 659 adveniente,
875 601 953 645 cum
969 601 1006 645 se
1029 580 1154 645 civitas
1177 581 1257 645 uni·

144 661 532 767 111111110000000100
549 683 712 762 dedisset,
728 684 949 765 interpretem
968 681 1195 746 domesticum
1211 681 1255 746 ad

306 785 509 866 praedictum
535 784 653 866 dirigit
676 784 836 860 amicum,
861 789 901 845 nt
922 783 966 847 ab
990 783 1069 864 ipso
1093 780 1259 865 inquirat,

306 892 423 947 utrum
454 886 520 948 sibi
549 884 661 947 adhuc
691 884 822 948 domini
853 883 908 946 sui
935 881 1103 946 familiam
1134 881 1257 946 adesse

306 985 401 1049 velit.
454 982 655 1049 Adveniens
682 990 798 1047 autem
831 981 973 1047 nuntius
1007 981 1078 1059 ille,
1112 1001 1192 1047 cum
1224 982 1257 1045 ei

306 1085 412 1149 verba
425 1084 555 1149 domini
573 1085 626 1149 sui
644 1083 876 1168 exposuisset,
890 1082 1068 1166 respondit
1083 1081 1128 1158 ei,
1142 1087 1153 1116 ‘
1167 1081 1257 1145 Sede

307 1185 363 1248 hic
385 1185 522 1267 quietus
543 1192 579 1248 01
601 1192 690 1262 1000,
712 1185 822 1249 donec
847 1190 1002 1247 revertar
1022 1179 1066 1247 ad
1085 1181 1144 1246 te!
1191 1181 1258 1246 Ille

307 1304 390 1350 vero
405 1285 583 1368 paululum
600 1291 809 1373 exspectans
826 1302 1006 1367 quousque
1021 1282 1187 1365 magister
1204 1282 1257 1347 vi·

308 1385 430 1467 gilum,
456 1386 515 1466 qui
544 1391 597 1448 ter
618 1385 675 1449 vel
698 1391 821 1468 quater
847 1383 884 1447 in
910 1390 1011 1448 nocte
1033 1401 1151 1475 muros
1176 1401 1256 1447 curn

307 1485 452 1550 laternis
465 1485 609 1549 circuire
623 1491 863 1562 consueverat,
879 1483 909 1546 si
926 1503 1014 1566 quos
1030 1482 1258 1547 ex‘ministris

308 1585 478 1650 inveniret
499 1585 747 1663 somnolentos,
766 1585 1004 1668 pertransiret,
1020 1583 1179 1666 protinus
1201 1583 1256 1646 vir

308 1684 379 1762 1110,
394 1685 470 1750 visa
486 1685 760 1769 opportunitate,
778 1685 822 1749 ad
839 1685 999 1748 nuntium
1016 1702 1176 1747 reversus
1192 1683 1256 1761 ait,

309 1784 430 1850 ‘Vade
450 1786 520 1851 cito
542 1792 578 1850 et
595 1785 650 1849 dic
666 1786 805 1850 domino
828 1792 902 1862 tuo,
921 1791 961 1848 ut
977 1783 1123 1849 festinus
1149 1781 1256 1847 adve-

308 1885 382 1950 niat
404 1906 482 1950 cum
497 1886 581 1950 viris
598 1884 740 1951 eiectis!
791 1883 862 1963 Qui
887 1884 990 1948 citius
1013 1882 1056 1947 ad
1079 1883 1256 1947 dominum

309 2005 487 2051 recurrens
502 1986 636 2051 invenit
651 2005 729 2049 eum
753 2006 832 2050 cum
849 1983 1061 2068 principibus
1082 1991 1257 2066 paratum,

309 2093 344 2150 et
357 2086 463 2166 illico,
478 2087 569 2151 sicut
590 2086 750 2151 instructi
767 2092 879 2161 erant,
896 2085 1012 2149 subito
1033 2091 1122 2148 ante
1132 2084 1256 2148 turrim

308 2187 510 2269 praedictam
543 2187 643 2269 quasi
672 2187 727 2250 vir
757 2206 846 2249 unus
872 2185 908 2248 in
937 2185 1088 2249 maximo
1115 2176 1255 2248 silentio

308 2287 505 2351 astiterunt.
551 2285 693 2369 Emyfer
706 2286 839 2351 interea
856 2285 977 2349 turrim
992 2286 1169 2367 ingressus
1184 2283 1255 2346 fra-

308 2392 396 2450 trem
413 2386 542 2471 reperit
563 2405 684 2450 somno
708 2392 892 2468 gravatum
909 2405 919 2465 ;
942 2384 1041 2469 cujus
1063 2388 1213 2448 mentem
1233 2402 1255 2447 a

309 2505 372 2550 suo
394 2486 573 2569 proposito
589 2485 702 2549 sciens
719 2487 879 2563 alienam,
896 2485 1021 2549 timens
1040 2504 1084 2548 ne
1101 2503 1165 2567 per
1177 2503 1255 2547 eum

308 2586 455 2669 inceptae
472 2586 521 2649 rei
536 2585 816 2668 impedimentum
832 2585 997 2663 eveniret,
1009 2583 1125 2667 gladio
1142 2592 1256 2648 trans·

308 2687 468 2750 verberat
491 2687 617 2770 ipsum,
640 2686 732 2750 iacto
758 2687 878 2750 eodem
901 2685 978 2767 pius
1006 2692 1041 2749 et
1064 2683 1255 2748 sceleratus

308 2787 483 2867 existens3
513 2795 594 2871 post
619 2787 693 2850 haec
721 2793 838 2852 autem
865 2785 1000 2850 rediens
1025 2791 1061 2849 et
1082 2784 1255 2867 principes

307 2894 449 2968 paratos
473 2887 699 2970 conspiciens,
717 2885 833 2951 sunem
854 2885 1004 2951 demittit
1017 2883 1170 2963 inferius,
1185 2903 1255 2966 quo

307 2987 436 3051 scalam
457 2987 501 3051 ad
519 3007 556 3051 se
570 2987 749 3070 pertrahat
766 2986 993 3050 sublevatam.
1047 2984 1173 3049 Ereota
1188 2985 1256 3067 igi·

308 3094 364 3150 tur
385 3087 492 3165 scala,
509 3080 627 3151 ¹nemo
650 3094 807 3170 repertus
830 3094 894 3164 est,
913 3087 972 3169 qui
994 3084 1038 3149 ad
1055 3104 1174 3150 vocem
1198 3105 1258 3149 su-

307 3188 452 3270 perioris
469 3187 534 3253 ,vel
558 3188 602 3251 ad
620 3207 740 3252 vocem
765 3187 961 3252 Boamundi
988 3192 1176 3270 praesumat
1199 3205 1255 3250 as-

307 3289 462 3367 cendere,
490 3288 717 3371 proditionem
747 3294 966 3367 metuentes3
1006 3286 1099 3369 quod
1130 3285 1253 3350 videns

307 3385 531 3452 Boamundus
549 3389 703 3453 ascendit
715 3388 808 3452 illico
823 3387 952 3451 scalam
967 3385 1171 3469 intrepidus.
1202 3383 1254 3451 At

307 3488 448 3572 Emyfer
466 3496 586 3552 tenens
601 3508 739 3553 manum
755 3488 830 3573 ejus
846 3488 955 3552 traxit
971 3507 1048 3551 enm
1066 3487 1102 3549 in
1118 3487 1254 3565 turrim,

305 3589 434 3666 dicenS,
457 3588 591 3654 ‘Vivat
613 3590 688 3654 haec
710 3589 865 3654 manus?
889 3596 923 3653 et
940 3587 1070 3652 ducens
1091 3606 1169 3650 eum
1196 3587 1252 3651 in-

306 3690 425 3766 100100,
438 3690 593 3753 ostendit
617 3691 648 3754 ei
670 3690 824 3768 fratrem,
841 3708 943 3772 quem
966 3709 1029 3772 pro
1053 3707 1156 3770 opere
1178 3693 1252 3752 tam

305 3797 426 3854 sancto
441 3797 638 3868 necaverat,
657 3791 768 3855 amico
785 3809 926 3854 oausam
942 3806 1131 3872 exponens.
1165 3786 1255 3854 Ruit

304 3891 412 3972 igitur
424 3891 646 3954 Boamundns
662 3891 698 3954 in
711 3891 830 3954 oscula
844 3890 909 3955 riri
926 3890 1159 3955 constantiam
1176 3888 1253 3972 ejus

338 4106 437 4157 1Νο00
455 4114 563 4172 repertus
581 4109 639 4173 001.]
669 4109 763 4159 ‘Solus
788 4109 1253 4160 11ιο0οι000.Μο00100.1010.011.001.

304 4179 485 4228 Bohemuudus
497 4179 601 4229 foederis
619 4181 667 4230 fide
684 4180 765 4229 fultus
789 4184 847 4230 694.

302 4265 348 4311 per
369 4250 456 4300 sunem
476 4246 606 4303 aseendit)
642 4251 764 4321 Bernard.
