2820 4882
417 411 551 465 anonas
575 411 843 463 nrsvoarnnuu.
1062 398 1106 463 73

158 573 357 638 transeundi
373 573 526 656 pacifice,
544 593 622 638 cum
645 573 710 637 sihi
733 581 824 638 essct
846 574 984 656 penitus
1000 572 1104 639 dene·
1116 591 1172 682 ἓξ
1184 591 1240 682 '⁰⁹⁶1‘

159 681 253 756 gata,
267 682 467 758 proponunt
483 681 606 752 terras,
624 694 711 756 quas
734 675 826 738 circa
842 675 966 740 fluvios
992 682 1027 739 et
1042 694 1104 757 pa·
1116 652 1267 734 neema..

158 775 255 839 ludes
270 795 335 840 rex
350 775 564 858 possidebat,
580 773 795 857 depopulari,
812 776 1011 839 suburbana
1028 795 1106 840 suc-

158 874 316 953 cendere,
347 883 384 939 et
412 874 450 938 in
484 875 587 940 rebus
618 874 692 959 ejus
723 874 896 940 hostiliter
926 874 1104 944 desaevire.

157 973 297 1039 Accidit
327 994 410 1058 ergo
437 973 680 1057 die'quadam,
709 976 802 1057 quod
827 976 1038 1058 septingenti
1057 995 1105 1041 ex

157 1075 249 1156 regis
282 1075 407 1139 militia
436 1076 576 1158 navigio
600 1082 818 1141 transeuntes
847 1075 995 1154 occulto,
1020 1083 1056 1140 ut
1084 1096 1106 1140 a

157 1175 418 1257 peregrinorum
450 1175 586 1260 injuriis
607 1175 781 1257 regionem
805 1182 996 1254 tuerentur,
1021 1195 1105 1241 casu

158 1283 274 1343 tamen
291 1276 449 1340 hostibus
466 1276 581 1348 subito
597 1276 798 1354 obviabant,
823 1277 987 1359 aquibus
1008 1296 1106 1359 paene

157 1395 278 1440 omnes
309 1375 494 1441 interfecti·
512 1383 606 1454 sunt,
636 1377 792 1459 exceptis
819 1377 951 1459 paucis,
981 1377 1041 1460 qui
1068 1377 1104 1441 in

157 1484 295 1540 carecto
326 1483 361 1540 et
385 1477 569 1559 paludibus
599 1476 846 1557 salvabantur;
874 1483 908 1541 et
934 1476 1000 1540 hac
1026 1476 1105 1542 freti

159 1577 306 1641 victoria
338 1576 511 1659 peregrini
537 1576 704 1660 adjiciunt
731 1577 849 1654 etiam,
880 1584 918 1641 nt
942 1578 1105 1659 pontibus

160 1675 338 1742 fabricatis
361 1677 560 1758 praesidium
589 1684 805 1759 expugnent,
829 1685 864 1741 et
889 1678 956 1740 iter
979 1677 1104 1759 gladiis

160 1784 397 1859 praeparantes
424 1797 568 1858 regnum
589 1778 721 1841 intrent
736 1777 918 1843 violenter.
969 1777 1105 1843 Deinde

160 1884 283 1958 pontes
309 1896 397 1959 quos
425 1883 694 1942 construxerant
715 1878 887 1942 moenibus
914 1878 1104 1961 applicant,

160 1984 194 2042 et
217 1997 282 2060 per
309 1995 435 2040 eorum·
451 1977 655 2041 instantiam
679 1978 723 2040 ad
749 1977 785 2040 id
809 1984 1013 2060 perventum
1039 1986 1104 2056 est,

160 2084 198 2141 ut
223 2077 299 2162 jam
331 2083 467 2159 pateret
493 2077 657 2143 introitus
688 2078 899 2160 peregrinis3
938 2078 997 2141 sed
1026 2099 1105 2142 ecce

160 2178 275 2242 subito
301 2177 435 2241 caelitus
462 2178 601 2243 incusso
630 2176 819 2243 victoribus
851 2177 986 2255 timore,
1014 2179 1105 2243 versi

160 2284 240 2342 sunt
268 2278 304 2341 in
327 2276 459 2360 fugam,
477 2297 618 2342 causam
640 2278 778 2361 penitus
803 2279 1016 2361 ignorantes,
1038 2278 1106 2342 sic·

161 2397 238 2460 que,
258 2378 411 2461 peccatis
435 2379 666 2460 exigentibus,
684 2385 784 2460 terga
808 2377 966 2445 hostibus
988 2384 1104 2443 osten·

160 2478 280 2542 dentes
308 2477 529 2542 contulerunt
551 2478 730 2543 audaciam
750 2478 883 2542 civibus
903 2478 1106 2562 desperatis,

161 2580 219 2663 qui
244 2577 325 2642 illos
348 2577 521 2660 fugientes
545 2575 690 2644 viriliter
713 2577 861 2642 insecuti
886 2586 1030 2642 mortem
1056 2581 1106 2644 eis

160 2677 393 2744 inevitabilem
411 2679 611 2742 intulerunt.
640 2678 695 2742 Ex
710 2679 835 2760 quibus
849 2698 963 2743 comes
975 2678 1105 2757 Emico,

161 2798 238 2843 cum
263 2777 457 2861 legionibus
482 2778 618 2861 fugiens
645 2778 834 2856 dissolutis,
858 2779 894 2842 in
919 2797 1018 2843 suam
1045 2781 1107 2844 vix

160 2880 309 2963 patriam
346 2887 399 2943 est
433 2898 605 2957 reversus,
644 2879 703 2942 alii
729 2898 811 2942 vero
843 2877 988 2957 nobiles,
1019 2899 1107 2962 quos

161 2978 498 3062 praenominavimus,
521 2999 584 3062 per
609 2978 806 3043 Thariciam
830 2979 976 3043 exitium
1004 2980 1107 3044 decli·

159 3087 285 3146 nantes
317 3080 361 3143 ad
394 3078 534 3144 Italiam
566 3086 817 3163 pervenerunt3
844 3079 935 3143 unde
964 3087 1000 3144 et
1030 3082 1107 3162 qui·

162 3180 238 3244 darn
269 3180 313 3244 de
346 3178 571 3262 principibus,
606 3178 697 3243 idem
725 3179 792 3243 iter
823 3180 1020 3262 agentibus,
1048 3181 1107 3262 qui

162 3279 393 3364 Dyrrachium
418 3280 584 3362 navigare
606 3287 870 3362 proposuerant,
895 3298 932 3344 se
957 3280 993 3344 in
1009 3278 1109 3344 Grae-

159 3382 244 3445 ciam
265 3379 496 3445 contulerunt.

218 3557 269 3622 Do
275 3577 440 3642 propremc
454 3556 544 3621 blas
560 3556 725 3671 &odefridi
738 3565 767 3621 et
779 3557 928 3622 socnam
938 3556 1002 3642 pne
1017 3557 1053 3620 in

534 3677 609 3742 opas
625 3677 735 3721 cruca.

208 3782 315 3848 Anno
325 3781 537 3865 supradicto,
548 3781 609 3863 qui
624 3787 677 3846 est
688 3801 799 3846 annus
813 3781 955 3846 Domini
967 3799 1107 3861 uxcvr,
1120 3800 1194 3841 nara
1203 3803 1227 3842 or

160 3903 276 3948 mense
293 3881 470 3964 Augusto,
485 3880 748 3964 decimoquinto
760 3882 815 3946 die
828 3884 967 3960 mensis,
979 3884 1109 3949 Lotha
1120 3852 1244 3944 diddilf's

161 3985 282 4066 ringiae
309 3982 382 4046 dux
408 3980 629 4059 Godefridus,
646 3983 700 4046 vir
724 3981 881 4060 illustris,
907 3991 986 4065 post
1011 3984 1108 4050 Petri

162 4083 352 4149 Heremitae
390 4089 424 4146 et
456 4080 662 4146 Godescalci
696 4082 910 4165 aliorumque
947 4105 1107 4167 progres-

159 4205 232 4249 sum
254 4183 496 4258 miserabilem,
520 4191 559 4246 ut
585 4183 786 4264 praedictum
813 4190 877 4261 cst,
908 4186 1108 4250 convocatis
