2820 4882
305 401 371 467 134
561 414 695 464 nonum
719 414 767 461 nu
789 413 997 461 wunnovna

146 600 201 660 ap.
213 600 269 640 1099.
308 582 401 654 runt,
439 581 545 657 atque
581 574 696 638 subito
735 580 816 637 aute
858 573 977 637 urbem
1014 573 1257 637 convenientes

145 649 296 742 diffide..
309 683 434 740 octavo
466 674 544 737 idus
577 673 601 738 J
604 674 677 737 unii
710 693 786 738 eam
820 671 997 737 obsidione
1024 672 1257 737 vallaverunt.

310 776 449 840 Dicitur
464 782 581 839 autem
597 773 704 838 fuisse
724 792 887 837 numerus
906 772 1137 837 obsidentium
1154 771 1259 855 quasi

309 875 418 939 millia
442 874 674 957 quadraginta
698 872 865 955 peditum,
885 873 1039 955 equitum
1058 892 1142 937 vero
1165 873 1259 935 mille

311 974 503 1059 quingenti,
530 981 657 1056 praeter
683 991 782 1036 senes
810 980 846 1036 et
869 972 1140 1036 valetudinarios
1167 970 1260 1034 iner-

310 1094 433 1156 meque
456 1074 593 1155 vulgus.
646 1072 690 1135 In
714 1074 798 1136 urbe
820 1079 935 1136 autem
957 1072 1160 1163 dicebantur
1182 1091 1260 1136 esse

311 1175 503 1238 Turcorum
520 1173 660 1237 fortium
678 1180 713 1237 et
731 1172 859 1254 optime
876 1179 1089 1236 armatorum
1110 1171 1260 1254 quadra-

311 1275 409 1356 ginta
437 1273 557 1349 millia,
577 1280 650 1336 tam
673 1279 713 1336 ut
734 1272 853 1337 urbem
875 1271 1007 1353 regiam
1029 1273 1073 1335 ab
1095 1272 1260 1335 instanti·

310 1376 376 1437 bus
393 1379 572 1437 tuerentur
596 1371 770 1454 periculis,
787 1390 890 1455 quam
908 1379 948 1435 ut
969 1370 1118 1454 propriae
1134 1390 1261 1434 consu·

311 1473 422 1537 lerent
443 1480 478 1536 et
499 1492 640 1537 suorum
662 1472 779 1535 saluti.
833 1470 1015 1554 Principes
1035 1472 1154 1553 itaque
1178 1490 1258 1553 per·

311 1574 429 1654 spicue
466 1571 735 1648 considerantes,
768 1570 861 1653 quod
894 1590 1008 1653 neque
1038 1572 1081 1634 ab
1114 1570 1259 1648 oriente,

311 1692 422 1754 neque
434 1673 477 1735 ab
489 1671 676 1748 occidente,
688 1691 800 1754 neque
815 1672 858 1734 ab
874 1677 1005 1748 austro,
1016 1677 1157 1752 propter
1172 1690 1260 1753 qua-

312 1771 457 1835 rundam
467 1772 609 1836 vallium
627 1770 898 1854 profunditatem
913 1770 1131 1854 proficerent,
1142 1789 1165 1833 a
1180 1790 1260 1854 sep.-

312 1873 484 1936 tentrione
507 1891 583 1934 eam
612 1871 768 1935 obsidere
791 1870 1002 1950 decernunt3
1034 1873 1077 1934 ab
1104 1890 1157 1934 ea¹
1176 1891 1261 1953 ergo

311 1978 425 2053 porta,
449 1990 526 2053 quae
549 1969 662 2034 sancti
691 1970 857 2052 Stephani
881 1969 1006 2034 dicitur
1032 1978 1067 2034 et
1090 1971 1135 2035 ad
1159 1971 1259 2053 aqui-

312 2071 426 2135 lonem
442 2070 595 2151 respicit,
613 2058 722 2153 usque
739 2070 783 2132 ad
800 2069 908 2146 illam,
926 2089 1005 2152 quae
1021 2071 1126 2134 turris
1142 2071 1260 2135 David

312 2170 438 2234 dicitur
461 2178 496 2234 et
522 2171 557 2233 in
581 2178 680 2252 parte
703 2169 854 2233 civitatis
877 2170 1081 2234 occidentali
1103 2171 1172 2235 sita
1194 2178 1260 2248 est,

222 2298 224 2303 ·
313 2276 430 2334 castra
459 2271 568 2333 nostri
593 2270 766 2351 principes
794 2268 1021 2334 locaverunt:
1054 2270 1260 2352 inquorum

312 2368 431 2432 ordine
460 2368 533 2432 dux
562 2367 772 2432 Godefridus
803 2369 935 2451 primus
964 2368 1066 2447 sedit,
1095 2376 1131 2433 et
1153 2371 1261 2455 juxta

311 2487 391 2531 eum
424 2468 497 2531 dux
532 2467 813 2532 Normannorum
848 2468 1023 2533 Robertus
1064 2477 1100 2533 et
1139 2471 1261 2534 consul

314 2566 563 2647 Flandrensis3
590 2567 682 2630 circa
704 2569 839 2644 turrim,
861 2587 939 2650 quae
962 2570 1006 2632 ab
1024 2569 1152 2651 angulo
1174 2590 1261 2652 quo-

313 2665 392 2729 dam
418 2666 545 2730 dicitur
574 2664 776 2749 Angularis,
808 2667 968 2731 dominus
999 2668 1200 2733 Tancredus
1224 2677 1261 2741 et

314 2765 373 2829 alii
401 2766 549 2849 quidam,
570 2786 648 2830 cum
678 2787 719 2831 eo
750 2767 882 2831 nobiles
917 2768 1174 2832 consederunt:
1216 2771 1260 2832 ab

314 2864 384 2928 alia
406 2873 522 2930 autem
544 2867 631 2929 turri
652 2885 763 2950 usque
787 2866 831 2930 ad
853 2873 989 2950 portam
1012 2868 1261 2933 occidentalem

312 2984 427 3029 comes
448 2964 676 3034 ,Tholosanus
705 2987 783 3030 curn
817 2967 889 3030 suis
918 2961 1110 3049 legionibus
1141 2971 1261 3034 urbem

313 3065 464 3144 obsedit;
482 3072 616 3148 partem
632 3086 771 3130 suorum
787 3067 963 3148 agminum
978 3085 1082 3149 super
1097 3076 1262 3146 montem,

312 3170 349 3228 et
371 3165 408 3227 in
433 3184 502 3247 quo
528 3165 651 3230 civitas
678 3166 849 3230 aedificata
878 3173 943 3243 est,
971 3167 1062 3230 inter
1084 3169 1203 3232 urbem
1226 3177 1262 3234 et

313 3263 505 3342 ecclesiam,
534 3284 612 3347 quae
638 3264 764 3330 dicitur
790 3266 885 3348 Syon
911 3273 946 3331 et
973 3266 1016 3329 ab
1043 3268 1127 3330 urbe
1153 3260 1262 3333 distat

312 3371 481 3445 quantum
498 3383 598 3430 arcus
615 3364 721 3428 semel
733 3365 851 3449 jacere
866 3373 992 3447 potest,
1009 3367 1047 3429 in
1059 3357 1166 3450 plaga
1180 3388 1262 3451 sep·

312 3464 511 3527 tentrionali
534 3465 674 3530 locavit.
728 3465 766 3528 Is
793 3466 885 3529 enim
904 3465 1002 3529 locus
1024 3474 1111 3544 erat,
1131 3467 1166 3530 in
1190 3488 1259 3551 quo

311 3559 475 3628 Salvator
501 3583 578 3627 cum
614 3564 792 3647 discipulis
832 3585 988 3629 coenasse
1025 3567 1192 3631 asseritur
1224 3575 1261 3632 et

311 3681 429 3727 eorum
447 3663 552 3745 pedes
565 3664 720 3743 ¹lavisse3
745 3665 793 3727 ibi
816 3666 919 3729 etiam
937 3664 1087 3747 Spiritus
1110 3666 1260 3733 Sanctus
1285 3656 1296 3687 ⁶·

311 3781 415 3844 super
436 3763 623 3846 discipulos
649 3764 826 3829 descendit
850 3765 887 3828 in
911 3766 1024 3847 igneis
1049 3767 1189 3849 linguis,
1212 3770 1260 3833 ibi

188 3879 191 3885 ·
311 3861 380 3925 Dei
401 3863 555 3945 genitrix
580 3864 740 3928 humanae
764 3871 897 3929 naturae
917 3865 1070 3929 debitum
1092 3867 1209 3945 solvit,
1226 3876 1261 3932 et

309 3955 403 4025 beati
427 3962 595 4045 Stephani
615 3967 879 4048 protomartyris
903 3966 1123 4049 sepulchrum
1150 3988 1261 4052 usque

233 4074 237 4084 ·
310 4060 411 4127 hodie
427 4063 553 4128 ibidem
568 4072 763 4131 veneratur.
