2820 4882
425 399 565 448 rnonns
588 399 859 449 msronmnuu.
1071 386 1116 452 23

160 564 284 621 contra
306 557 519 622 Clementem
545 578 640 642 papa
671 558 828 636 efficitur,
854 560 914 624 sed
943 562 1012 626 cito
1034 570 1115 645 post
1126 578 1181 618 eu·
1192 577 1248 620 1⁰⁸4.

160 658 307 720 moritur
321 659 440 722 morbo
457 659 674 742 dysenterico
693 659 893 723 dissolutae.

208 756 342 821 Eodem
358 777 449 822 anno
463 779 526 822 rex
538 758 732 840 Anglorum
744 759 953 835 Willelmus,
967 757 1004 821 in
1019 758 1112 824 Pen-

161 862 332 935 tecosten,
353 858 444 941 apud
461 857 821 934 westmonasterium,
839 858 1030 922 Henricum
1048 859 1115 922 fili·

157 974 215 1019 um
231 975 333 1019 suum
342 957 515 1041 juniorem
529 957 667 1039 cingulo
680 958 822 1021 militari
835 958 989 1022 donavit.
1042 956 1115 1022 De·

156 1055 237 1118 inde
252 1057 346 1138 cepit
360 1057 522 1139 homagia
535 1057 710 1121 hominum
726 1058 833 1122 totius
848 1055 987 1139 Angliae
1005 1064 1041 1120 et
1050 1057 1111 1140 ju·

152 1158 353 1219 ‘ramentum
367 1156 556 1234 fidelitatis,
571 1157 809 1240 cujuscunque
823 1163 939 1221 essent
952 1156 1046 1220 seudi
1058 1158 1113 1222 vel

156 1256 358 1332 tenementi,
379 1264 425 1333 et,
444 1258 592 1320 extortis
609 1277 745 1338 maguae
764 1259 920 1339 pecuniae
939 1257 1047 1339 copiis
1069 1257 1112 1321 de

157 1355 421 1438 quibuscunque
444 1357 597 1438 aliquam
622 1364 760 1438 poterat
789 1357 945 1422 invenire
970 1376 1112 1421 causam

154 1453 252 1537 juste
269 1454 344 1520 sive
358 1455 499 1538 injuste,
516 1457 553 1519 in
571 1456 824 1520 Normanniam
838 1456 1090 1524 transfretavit.

301 1628 351 1691 De
364 1628 527 1711 afflictione
541 1628 656 1692 murra
665 1629 763 1714 pentir
776 1627 960 1714 Auplorarn.

208 1749 315 1816 Anno
337 1753 479 1817 Domini
503 1770 678 1816 Muxxxv.
697 1773 775 1817 cum
794 1753 869 1837 jam
892 1752 1034 1816 Domini
1051 1770 1245 1816 voantur.

158 1850 330 1915 luntatem
366 1873 470 1936 super
506 1851 699 1935 Anglorum
735 1859 873 1933 gentem
916 1852 1110 1916 Normanni
1121 1822 1227 1923 iffi,

159 1951 437 2033 complevissent,
467 1972 530 2016 nec
555 1953 618 2016 vix
644 1952 769 2034 aliquis
794 1953 954 2034 princeps
980 1952 1023 2014 de
1049 1972 1110 2033 ge-

160 2070 243 2114 nere
265 2050 459 2132 Anglorum
485 2058 680 2133 superesset
710 2051 747 2113 in
777 2070 897 2132 regno,
923 2070 1111 2133 omnesque

157 2150 193 2213 in
207 2170 391 2214 moerorem
409 2160 445 2215 et
464 2153 665 2215 servitutem
686 2150 819 2214 redacti
835 2150 991 2226 fuissent,
1006 2151 1057 2213 ita
1073 2159 1112 2215 ut

159 2248 348 2331 Anglicum
374 2253 492 2315 vocari
515 2251 604 2315 foret
630 2250 826 2332 opprobrio,
851 2250 1111 2332 pullulaverunt

156 2349 193 2413 iu
212 2350 345 2431 Anglia
364 2351 493 2414 telonia
512 2352 631 2433 iniqua
653 2358 688 2414 et
710 2350 977 2414 consuetudines
998 2352 1108 2433 pessi·

157 2469 235 2526 mae,
260 2456 296 2512 et
316 2459 449 2532 quanto
475 2451 585 2531 magis
608 2451 782 2533 principes
806 2451 1039 2533 loquebantur
1066 2450 1108 2514 de

158 2556 253 2612 recto
273 2556 309 2612 et
326 2550 477 2631 justitia,
500 2557 599 2613 tanto
621 2549 733 2633 major
748 2550 854 2613 fiebat
874 2549 1025 2634 injuria3
1048 2551 1108 2632 qui

153 2648 342 2730 justiciarii
366 2644 591 2726 vocabantur,
621 2651 732 2713 omnis
758 2650 938 2733 injustitiae
968 2649 1108 2712 fuerunt

158 2756 346 2828 auctores3
376 2751 435 2831 qui
465 2769 604 2813 cervum
635 2756 775 2831 caperet
807 2749 863 2813 vel
896 2748 1106 2830 capreolum,

158 2849 250 2911 oculi
281 2841 490 2912 eruebantur
521 2850 564 2925 ei,
591 2870 655 2913 nec
682 2849 746 2912 suit
771 2849 831 2930 qui
858 2854 1106 2928 murmuraret3

159 2949 299 3011 amabat
325 2949 415 3012 enim
439 2949 533 3011 ferus
556 2968 619 3012 rex
643 2948 747 3024 feraS,
770 2966 811 3011 ac
838 2950 868 3011 si
893 2956 985 3012 esset
1008 2955 1108 3031 pater

158 3047 321 3110 ferarum.
380 3047 542 3111 Nefaudo
571 3066 710 3130 prorsus
737 3066 822 3110 usus
853 3049 1008 3123 consilio,
1042 3047 1108 3110 hoc

159 3148 240 3228 egit,
261 3154 301 3210 ut
326 3147 386 3209 ubi
411 3155 491 3211 ante
508 3146 564 3210 vel
587 3149 738 3210 humana
761 3155 836 3210 erat
856 3148 892 3209 in
907 3148 1000 3210 villis
1025 3166 1109 3209 con·

158 3248 323 3323 versatio,
345 3247 401 3310 vel
427 3247 581 3310 eeclesiis
603 3246 721 3310 divina
743 3245 897 3310 fervebat
918 3245 1108 3321 veneratio,

160 3366 251 3409 nunc
266 3347 314 3409 ibi
336 3346 430 3409 cervi
452 3353 488 3409 et
507 3367 607 3410 omne
625 3366 734 3426 genus
749 3345 897 3408 ferarum
912 3344 1109 3426 petulanter

158 3445 380 3524 discurrunt3
406 3446 495 3509 unde
522 3445 705 3528 proverbio
732 3445 909 3521 asseritur,
932 3443 1024 3526 quod
1047 3463 1109 3524 per

160 3545 305 3626 triginta
321 3552 356 3608 et
373 3565 413 3608 eo
434 3546 581 3626 ampIIus
604 3545 764 3608 milliaria
778 3553 871 3610 terra
887 3543 1052 3625 frugifera
1072 3543 1108 3605 iu

161 3644 272 3707 saltus
296 3644 343 3708 sit
359 3644 500 3708 redacta
521 3651 557 3708 et
573 3646 685 3708 lustra
704 3645 863 3708 serarum.
914 3641 972 3707 Ad
994 3648 1109 3707 castra

160 3763 299 3826 quoque
323 3744 552 3808 construenda
579 3765 643 3808 rex
671 3752 905 3807 antecessores
930 3761 1012 3806 suos
1037 3761 1109 3804 om-

158 3862 220 3907 nes
235 3845 435 3924 superabat.
483 3844 702 3908 Normannia
719 3845 784 3906 sibi
799 3841 1017 3906 haereditario
1028 3841 1108 3924 jure

160 3949 379 4025 provenerat,
392 3942 663 4007 Cenomanniam
673 3945 777 4007 armis
790 3942 1013 4025 adquisierat,
1030 3941 1109 4004 Bri-

155 4029 318 4106 tanniam
341 4039 605 4107 Armoricanam
630 4043 796 4106 acclivem
819 4042 885 4104 sibi
908 4041 1048 4118 fecerat,
1073 4042 1109 4103 iu

161 4141 293 4225 Anglia
316 4143 411 4207 solus
431 4144 611 4225 regnabat,
627 4142 781 4207 Scotiam
798 4149 833 4206 et
848 4140 1012 4205 Walliam
1030 4139 1111 4202 sub-

411 4334 422 4362 Ι
