2820 4882
158 600 214 642 nl).
224 600 281 639 1091.

159 651 246 698 History
255 650 280 689 or

318 413 384 478 150
569 431 703 478 roenur
729 432 776 478 nn
801 430 1007 480 wrnnovun

319 589 431 652 lorum
455 588 551 652 Deus
574 589 791 670 omnipotens
816 595 926 652 estet
950 607 1013 670 pro
1042 588 1091 650 eis
1121 591 1270 668 pugnat,

73 749 77 759 .
160 699 309 748 thmuis·
322 696 384 752 aut
402 695 520 751 noster
544 688 642 751 nobis
662 688 773 752 iratus
793 695 846 752 est
864 696 900 751 et
918 708 981 751 nos
1003 686 1105 749 nimis
1125 692 1264 749 austero

322 787 437 853 surore
462 788 640 868 redarguit
662 794 697 851 et
720 789 882 869 castigat.
935 786 1109 868 Quicquid
1134 785 1271 849 contin-

324 895 395 969 get,
416 887 482 950 hoc
502 887 579 964 erit,
596 886 687 968 quod
707 888 744 951 in
766 906 825 951 eos
843 887 956 950 denuo
973 906 1042 950 non
1064 886 1191 966 erigar,
1209 882 1270 947 sed

324 987 369 1051 ad
397 987 543 1069 patriam
569 1006 681 1049 meam
707 987 968 1068 ignominiosus
998 986 1107 1050 donec
1130 985 1271 1065 uixero,

325 1084 501 1149 revertar?
547 1085 616 1149 His
636 1086 750 1163 dictis,
773 1086 932 1151 luctuose
946 1086 1223 1168 conquerebatur
1237 1091 1272 1147 et

324 1185 581 1249 lamentabatur
591 1185 749 1267 suspiriis
762 1185 998 1270 lachrymosis.
1029 1183 1154 1248 Turcis
1165 1183 1273 1264 igitur

324 1284 443 1366 fugam
461 1284 719 1362 meditantibus,
738 1304 842 1368 eques
864 1284 1004 1367 quidam
1024 1283 1272 1363 Lotharingus,

326 1384 437 1466 quiin
453 1384 589 1465 agmine
606 1391 762 1448 extremo
780 1405 858 1449 cum
871 1385 959 1449 duce
979 1391 1055 1447 erat
1070 1381 1272 1459 Godesrido,

327 1501 349 1545 a
365 1483 531 1547 lateribus
557 1484 718 1566 equitans
741 1485 934 1548 libertatem
960 1484 1052 1565 fugae
1072 1491 1108 1546 et
1130 1500 1273 1563 campos

327 1582 473 1646 abstulit
499 1603 645 1662 omnes3
676 1583 767 1647 unde
799 1585 867 1666 ipsi
897 1603 919 1646 a
937 1583 1025 1647 duce
1052 1581 1274 1646 Normanno·

326 1702 415 1759 rum,
441 1683 500 1764 qui
526 1684 563 1746 in
590 1683 702 1766 prima
725 1684 799 1747 acie
825 1690 900 1747 erat
929 1702 1007 1746 cum
1039 1683 1213 1764 equitibus
1237 1688 1272 1744 et

327 1781 531 1862 sagittariis,
547 1783 720 1865 penetrati
736 1789 771 1846 et
789 1784 832 1846 ab
856 1783 1020 1846 extremis
1036 1781 1173 1858 inclusi,
1189 1781 1273 1844 caesi

328 1880 475 1944 suntad
498 1881 648 1965 fidelium
672 1881 885 1946 voluntatem
905 1903 914 1961 ;
946 1881 1187 1946 Admiravisus
1209 1899 1273 1943 au·

328 1989 398 2043 tem
427 2000 531 2061 super
564 1981 817 2044 dromedarium
851 1980 986 2064 positus
1017 1980 1140 2062 rapido
1169 1999 1274 2057 cursu

328 2079 403 2162 ejus
417 2081 541 2144 evasit.
595 2079 733 2167 Collata
754 2080 1035 2168 igitur'fidelibus
1053 2081 1095 2143 de
1114 2081 1273 2161 supernis

327 2174 486 2256 ‘victoria
500 2180 535 2241 in
556 2179 707 2242 hostium
724 2187 839 2243 castra
860 2186 978 2243 noster
1000 2167 1158 2261 pervenit
1175 2198 1273 2242 exer·

327 2277 430 2354 cituS,
453 2278 511 2340 ubi
533 2285 667 2341 tantam
691 2280 779 2355 auri,
803 2280 951 2360 argenti,
975 2279 1080 2343 variae
1104 2279 1274 2360 supellec·

327 2376 399 2439 tilis
417 2383 452 2440 ct
468 2397 693 2457 gemmarum,
718 2378 985 2460 divitiarumque
1002 2379 1275 2460 peregrinarum,

327 2495 474 2557 quarum
499 2477 652 2557 cognitio
681 2476 810 2541 nostris
839 2478 1038 2559 regionibus
1063 2486 1117 2541 est
1139 2478 1274 2559 ignota,

327 2575 462 2655 copiam
496 2575 639 2653 invenit,
671 2583 711 2639 ut
739 2596 849 2659 usque
882 2576 926 2639 ad
957 2595 1122 2640 nauseam
1154 2577 1274 2640 satiati

327 2672 431 2737 mella
453 2674 649 2739 fastidirent
667 2682 701 2739 et
723 2676 914 2757 placentas
933 2682 969 2739 et
984 2675 1145 2738 minimus
1162 2675 1277 2739 dicere

285 2780 289 2784 ’
327 2774 450 2855 possit,
474 2767 501 2807 ¹‘
516 2774 660 2857 Inopem
683 2795 738 2838 me
763 2777 865 2857 copia
887 2773 992 2839 fecit!
1048 2776 1134 2838 Dux
1158 2782 1276 2839 autem

328 2870 503 2936 Robertus
534 2875 617 2937 emit
639 2874 864 2938 standardum
888 2876 932 2938 ab
952 2875 1008 2951 iis,
1025 2875 1086 2956 qui
1110 2874 1197 2948 illud
1219 2894 1275 2939 re·

328 2971 505 3036 tinuerunt
532 2973 696 3037 dumille
728 2974 845 3038 hostes
870 2974 1120 3055 insequeretur,
1148 2973 1275 3055 viginti

327 3072 451 3135 marcis
474 3072 623 3154 argenti,
643 3080 679 3136 et
699 3072 802 3137 duxit
822 3072 907 3136 illud
927 3072 1034 3156 juxta
1055 3072 1277 3155 sepulchrum

328 3170 469 3234 Domini
487 3171 530 3235 ad
554 3179 812 3236 monumentum
828 3180 900 3236 tam
922 3172 1135 3236 memorandi
1155 3173 1277 3236 trium-

327 3268 406 3351 phi3
434 3270 523 3334 alius
555 3291 693 3353 quoque
719 3290 836 3335 ensem
864 3270 1018 3354 ejusdem
1043 3271 1128 3336 emit
1152 3270 1276 3336 Admi-

327 3369 434 3433 ravisi
455 3371 616 3434 bizantiis
641 3364 901 3453 ²quadraginta.
953 3369 1011 3434 Sic
1034 3372 1154 3452 igitur,
1184 3371 1277 3454 {irgi-

328 3468 464 3531 entibus
488 3470 708 3547 adversariis,
734 3470 851 3552 palma
876 3471 1005 3533 nostris
1033 3469 1167 3534 caelitus
1193 3492 1276 3536 con-

327 3585 437 3644 cessa,
460 3587 538 3631 cum
560 3569 694 3650 ingenti
718 3570 847 3650 gaudio
870 3570 1000 3632 reversi
1022 3571 1163 3633 suntin
1187 3569 1275 3634 Hie-

326 3666 489 3745 rusalem,
519 3661 697 3733 ³manibus
730 3669 865 3733 onerati
897 3666 1050 3751 praedam
1083 3669 1276 3736 inauditam

325 3783 442 3829 secum
461 3766 650 3831 trahentes.

360 3968 367 3996 ¹
382 3970 502 4043 Inopem]
516 3976 594 4027 Ovid.
606 3978 670 4028 Met.
685 3978 731 4027 lib.
748 3978 787 4027 iii.
847 3973 858 4005 ²
872 3972 1073 4045 Quadraginta]
1093 3978 1251 4042 ‘Sexaginta
1261 3976 1276 4041 3'

324 4055 388 4090 vers.
401 4046 458 4093 166.
813 4047 926 4106 salario,
937 4063 963 4108 p.
973 4050 1029 4096 138.

848 4113 1008 4180 Warthan]
1024 4113 1191 4180 ‘Munuhiis,’
1210 4119 1241 4168 G.
