2820 4882
391 405 529 453 neonus
552 406 822 455 nrsronmnuu.
1014 395 1078 458 179

130 579 201 624 ram
219 581 241 624 a
254 582 336 644 rege
353 564 494 648 suisque
510 565 733 647 principibus,
749 573 783 629 et
799 585 821 629 a
837 566 947 629 classe
962 566 986 629 J
988 586 1056 631 anu
1087 586 1141 627 io.
1153 590 1208 629 uu.

130 662 202 724 ensi
233 664 450 746 navibusque
481 665 652 742 rostratis,
683 684 771 748 quas
795 665 928 746 galeias
955 669 1073 749 appel-

129 760 214 837 lant,
236 781 300 844 per
317 783 424 841 mare,
440 763 619 830 introitum
638 766 770 829 civibus
792 772 828 829 et
851 767 983 829 exitum
1010 786 1071 831 au-

128 858 302 940 ferebant3
320 863 487 928 machinis
504 864 644 928 tandem
658 865 923 946 circumpositis,
941 867 1070 931 crebris

127 961 328 1040 assultibus,
344 973 415 1026 tam
432 983 454 1027 a
470 983 552 1045 rege
567 983 629 1046 per
642 971 780 1041 terram,
796 984 900 1046 quam
920 985 942 1029 a
960 967 1070 1031 classe

125 1079 185 1140 per
207 1079 305 1123 oram
334 1064 554 1141 maritimam,
575 1064 703 1128 multos
730 1084 776 1128 ex
803 1065 937 1129 civibus
965 1068 1070 1130 variis

125 1160 306 1224 eventibus
331 1170 568 1244 peremerunt;
594 1183 740 1247 cumque
763 1184 825 1246 per
846 1165 920 1228 dies
946 1166 1070 1247 viginti

124 1259 319 1338 continuoS,
345 1263 455 1327 nostri
471 1262 704 1346 oppugnando
730 1264 849 1347 illique
879 1264 1024 1349 injurias
1047 1285 1069 1329 a

124 1376 160 1421 se
176 1359 423 1442 propulsando,
443 1361 681 1439 desudassent,
697 1362 762 1427 hac
779 1363 975 1428 conditione
995 1367 1068 1447 regi

124 1458 300 1523 civitatem
317 1461 545 1539 tradiderunt,
559 1470 610 1538 ut,
624 1463 684 1545 qui
701 1462 818 1544 egredi
834 1462 975 1540 vellent,
989 1483 1066 1528 cum

124 1559 290 1623 uxoribus
322 1568 358 1624 et
393 1562 510 1626 liberis
536 1570 571 1625 et
603 1562 705 1625 rebus
737 1562 894 1626 omnibus
922 1563 1066 1626 liberum

123 1657 289 1723 habereut
305 1661 449 1739 exitum,
466 1669 512 1738 et,
530 1661 590 1744 qui
610 1662 647 1724 in
666 1661 823 1726 domibus
843 1681 981 1726 manere
1003 1662 1065 1725 eli·

122 1766 255 1838 gerent,
271 1759 355 1824 data
368 1761 445 1844 regi
457 1761 604 1843 siugulis
625 1762 726 1825 annis
742 1763 841 1825 bonis
861 1762 1065 1827 conditioni-

124 1859 185 1922 bus
201 1861 360 1940 peouuia,
376 1862 441 1924 sub
462 1861 555 1924 illius
578 1862 791 1943 protectione
812 1869 993 1926 manerent
1013 1881 1068 1926 se-

121 1959 203 2022 curi.
258 1959 329 2024 Hic
355 1961 504 2043 primum
532 1981 594 2043 per
626 1981 721 2025 mare
746 1962 989 2025 accedentibus
1021 1962 1065 2024 ad

121 2066 246 2122 terram
275 2068 430 2125 sanctam
453 2062 568 2144 patuit
591 2080 714 2124 secura
737 2060 984 2142 tranquillitas,
1009 2059 1067 2124 lit-

120 2165 193 2222 tore
209 2159 254 2222 ab
264 2159 421 2224 hostibus
437 2159 689 2244 aliquantulum
707 2160 882 2241 expedito.
917 2153 1064 2224 ¹Eodem

121 2276 210 2322 anno
242 2258 468 2324 Boamundus
498 2268 533 2324 et
569 2259 791 2324 Baldewinus
820 2278 947 2335 comes,
986 2278 1063 2323 cum

121 2357 301 2423 Tancredo
323 2366 359 2424 et
381 2360 405 2423 J
408 2361 541 2425 ocelino
562 2378 750 2442 eorumque
771 2359 964 2440 legionibus
986 2361 1066 2423 uni·‘

119 2459 240 2536 versis,
271 2459 485 2542 Euphratem
515 2467 745 2536 transeuntes,
771 2458 915 2523 Curram
941 2460 1064 2523 civita-

121 2564 201 2635 tem,
224 2558 267 2623 de
293 2579 363 2643 qua
386 2561 423 2625 in
448 2561 556 2643 gestis
578 2559 731 2625 Abrahae
760 2559 898 2641 legitur,
921 2559 1064 2623 obsede-

120 2665 223 2738 runt3
262 2658 355 2724 cives
392 2667 508 2725 autem
540 2660 583 2724 de
614 2660 843 2725 subventione
872 2657 1065 2723 diffidentes

120 2760 248 2822 nostris
269 2760 446 2824 civitatem
466 2759 676 2836 obtulerunt,
697 2759 769 2836 sed,
790 2758 991 2823 stimulante
1009 2760 1064 2821 in-

119 2858 224 2937 vidia,
248 2858 356 2922 effusa
377 2867 432 2924 est
452 2859 634 2924 contentio
650 2859 741 2923 inter
763 2858 1004 2922 Boamundum
1029 2866 1066 2923 et

120 2956 370 3049 Baldewinum,
406 2958 484 3042 quis
522 2978 640 3023 eorum
671 2959 789 3022 urbem
828 2959 999 3022 obtineret
1028 2959 1068 3020 in

119 3075 229 3136 suam,-
254 3059 506 3129 et-differentes
522 3077 631 3140 usque
646 3077 746 3121 mane
767 3059 887 3121 urbem
911 3057 1064 3121 oblatam

119 3174 299 3241 oemipure,
314 3159 426 3224 donec
441 3159 483 3222 de
499 3159 560 3222 illa
576 3157 768 3240 quaestione
782 3157 907 3220 frivola
928 3156 1064 3239 plenius

119 3256 360 3336 discuteretur,
391 3266 577 3340 antequam
611 3258 683 3321 dies
722 3256 936 3320 illucesceret
967 3263 1066 3318 tanta

119 3355 268 3422 bostium
289 3359 402 3423 adfuit
415 3357 613 3434 multitudo,
630 3365 670 3420 ut
685 3355 796 3419 nostri
810 3355 853 3418 de
870 3355 944 3418 vita
959 3354 1064 3418 etiam

117 3455 350 3539 desperarent.
402 3456 616 3521 Patriarchee
638 3463 767 3532 autem,
786 3456 846 3536 qui
868 3453 1064 3529 adfuerunt,

117 3557 231 3620 verbis
247 3556 492 3631 exhortatoriis
514 3557 642 3621 nostris
656 3556 790 3620 animos
807 3554 932 3618 addere
950 3554 1067 3618 nitun·.

119 3662 185 3733 tur,
214 3656 275 3720 sed
307 3658 422 3739 gratia
447 3657 609 3720 destituti
630 3655 749 3719 divina
774 3673 837 3718 nec
861 3653 975 3717 verbis
1002 3672 1065 3716 nec

118 3755 410 3821 admonitionibus
432 3756 664 3840 adjuvantur3
695 3773 776 3818 nam
801 3754 918 3818 statim
942 3755 978 3815 in
995 3753 1066 3834 pri-

117 3875 172 3920 mo
208 3857 382 3922 conflictu>
403 3858 513 3921 nostri
548 3856 776 3938 ignominiose
816 3860 916 3935 terga
948 3861 1065 3916 osten-

116 3955 250 4034 dentes,
274 3964 457 4040 castraque
481 3974 563 4020 cum·
585 3954 728 4019 sarcinis
750 3953 960 4028 deserentes
981 3951 1066 4032 fuga

117 4057 263 4121 salutem
281 4057 494 4140 quaerebant,
510 4075 615 4138 quam
633 4074 702 4117 non
720 4059 883 4136 poterant
899 4051 1064 4115 invenire.

346 4226 353 4257 ¹
366 4228 456 4276 Eodem
472 4220 565 4293 unna]
582 4224 653 4274 Will.
668 4221 729 4286 Tyr.
747 4227 839 4285 paea.

914 4293 964 4338 ul
