2820 4882
350 377 416 440 314
605 392 739 439 nonunt
764 392 810 438 nn
833 391 1040 440 wnunovnn

192 575 313 616 nnus.
352 552 522 628 tudinum,
549 570 637 633 quas
662 552 698 613 in
725 571 832 632 regno
849 549 1043 632 Auglornm
1068 549 1215 614 ‘avitas'
1240 568 1303 630 ap·

353 651 498 733 pellant,
528 652 781 727 observatores
811 650 1009 715 defensores
1037 656 1074 714 et
1106 650 1303 713 incentores

354 750 505 813 candelis
531 750 845 815 excommunicavit
873 750 1040 826 accensis,
1062 756 1098 814 et
1120 749 1212 813 inter
1233 767 1302 810 cee-

355 857 448 913 teros
476 848 679 913 nominatim
706 849 918 912 Richardnm
948 849 991 912 de
1024 848 1124 924 Luci,
1152 847 1301 911 Richar-

355 947 448 1024 dum,
470 947 749 1011 archidiaconum
772 947 1029 1024 Pictavensem,
1044 946 1068 1011 J
1071 946 1241 1011 ecelinum
1260 946 1303 1008 de

356 1045 485 1123 Bailnl,
501 1045 654 1111 Alanum
669 1046 712 1110 de
730 1045 883 1122 Nevilla,
899 1052 935 1110 ct
950 1046 1038 1110 ahos
1055 1045 1279 1129 quamplures
1292 1065 1301 1123 3

355 1145 416 1208 sed
437 1145 505 1227 ipsi
522 1147 683 1209 absentes
706 1152 742 1209 et
763 1165 834 1212 non
850 1146 970 1209 vocati
989 1164 1053 1210 nec
1075 1145 1240 1221 convicti,
1263 1152 1303 1207 nt

355 1244 530 1321 dicebant,
567 1243 865 1321 excommunicati,
897 1244 1010 1307 missis
1048 1244 1091 1307 ad
1129 1243 1302 1325 archiepi-

356 1361 499 1424 scopum
525 1343 665 1423 legatis,
698 1342 962 1425 appellaverunt
985 1348 1021 1407 et
1042 1343 1229 1407 ecclesiam.
1250 1342 1303 1405 in-

356 1449 546 1506 traverunt.
589 1441 657 1505 Sed
674 1461 743 1505 non
759 1442 869 1505 multo
883 1447 964 1522 post
979 1440 1176 1505 Willelmns
1194 1441 1302 1522 Papi·

356 1541 449 1604 ensis
478 1547 514 1604 et
543 1540 721 1604 Jobannes
754 1540 1020 1622 Neapolitanus,
1051 1539 1245 1604 cardinales
1281 1556 1302 1602 a

356 1639 465 1703 latere
494 1640 620 1703 summi
647 1639 821 1722 pontificis
850 1639 1026 1715 destinati,
1058 1638 1150 1720 apud
1178 1639 1302 1702 Munt·

356 1738 457 1802 miral
472 1758 589 1819 regem
606 1738 799 1802 Henricnm
820 1743 856 1801 et
871 1737 1053 1814 Thomam,
1073 1737 1304 1801 cantuarien-

358 1856 429 1900 sem
454 1837 762 1920 archiepiscopum,
777 1843 1046 1914 ·convocarnut;
1081 1843 1117 1900 et
1137 1836 1220 1899 licet
1242 1854 1302 1899 eos

357 1936 394 1999 in
408 1945 543 2019 partem
564 1936 656 2017 regis
674 1935 955 2018 archiepiscopus
973 1934 1208 1999 inclinatiores
1226 1953 1302 1996 sen·

358 2035 472 2112 sisset,
495 2042 578 2098 tunc
600 2042 717 2098 tamen
743 2036 780 2098 in
804 2034 979 2117 judicium.
999 2034 1122 2097 deduci
1149 2052 1192 2096 ea
1215 2033 1302 2096 rati·

359 2154 425 2198 one
455 2135 637 2211 concessit,
664 2134 894 2197 residentibus
926 2134 995 2197 illis
1021 2133 1058 2196 in
1083 2132 1303 2208 consistorio,

358 2241 409 2311 ut,
431 2233 618 2298 secundnm
647 2233 802 2297 ecclesiae
827 2232 985 2310 formam,
1007 2240 1080 2296 tam
1103 2231 1170 2295 sibi
1197 2250 1303 2314 quam

359 2334 432 2397 suis
455 2334 550 2414 prius
573 2332 671 2396 fieret
693 2333 796 2414 plena
817 2332 991 2396 restitutio
1015 2331 1222 2407 ablatorum,
1240 2349 1305 2393 nec

357 2431 449 2494 enim
470 2431 639 2512 spoliatus
658 2431 826 2513 judicium
851 2431 965 2494 subire
990 2431 1113 2506 voluit,
1137 2448 1201 2492 nec
1224 2429 1304 2509 cogi

358 2530 472 2609 potuit
490 2530 623 2592 ratione
638 2549 648 2608 3
683 2529 776 2612 quod
798 2548 876 2592 cum
898 2529 949 2591 illi
966 2548 1028 2592 uec
1046 2528 1158 2592 facere
1173 2527 1304 2590 vellent

359 2646 422 2691 nec
448 2634 602 2709 possent,
626 2626 753 2691 infecto
785 2627 936 2708 negotio,
964 2627 1137 2709 praedictis
1163 2646 1305 2690 excom-

358 2713 542 2789 municatis
573 2727 668 2807 prius
698 2725 879 2801 absolutis,
909 2724 955 2787 ad
981 2718 1111 2788 curiam
1140 2731 1223 2788 snnt
1250 2745 1305 2788 re-

361 2825 460 2887 versi.
512 2822 662 2888 Alanum
689 2843 771 2887 vero
797 2823 840 2885 de
870 2823 1010 2887 Nevilla
1032 2824 1184 2888 absolvit
1207 2822 1305 2887 Gile·

359 2924 489 2998 bertus,
516 2923 768 2986 Londoniensis
791 2922 997 3004 episcopus3
1032 2930 1176 3005 accepto
1195 2923 1240 2987 ab
1262 2943 1305 2986 eo

359 3027 588 3098 sacramento,
605 3020 695 3102 quod
711 3021 748 3082 in
764 3021 876 3084 eundo
894 3021 1174 3104 Hierosolymam
1189 3027 1305 3084 trans·

358 3119 424 3184 iret
446 3139 507 3202 per
533 3119 708 3183 dominnm
731 3138 858 3201 papam
888 3127 925 3183 et
947 3120 1022 3203 ejus
1044 3126 1182 3202 pareret
1207 3139 1306 3184 man·

359 3218 453 3282 dato.
505 3218 637 3282 Eodem
668 3225 822 3299 tempore
854 3217 1070 3297 Lodowicus,
1099 3238 1162 3282 rex
1193 3218 1306 3282 Fran·

355 3335 490 3393 corum,
510 3318 605 3382 venit
632 3316 901 3396 Pontiniacnm3
934 3325 981 3394 et,
1003 3317 1149 3400 nequid
1178 3336 1201 3381 a
1222 3337 1306 3397 rege

359 3415 553 3496 Anglorum
575 3415 673 3479 fieret
694 3416 730 3478 in
752 3415 937 3498 perniciem
953 3415 1191 3481 cisterciensis
1213 3415 1308 3478 ordi·

360 3516 426 3591 niS,
459 3514 641 3591 Thomnm,
671 3513 957 3580 cantuariensem
999 3514 1307 3596 archiepiscopum,

361 3612 417 3675 cui
440 3613 515 3695 jam
541 3634 602 3695 per
629 3613 805 3676 biennium
833 3613 1120 3677 Pontiniacenses
1147 3611 1307 3676 monachi

360 3731 496 3773 omnem
523 3711 752 3774 exhibuerant
776 3711 1039 3788 humanitatem,
1066 3712 1221 3775 Senonas
1253 3731 1307 3774 se-

360 3829 437 3872 cum
464 3809 576 3885 duxit,
600 3817 635 3872 et
660 3809 752 3891 apud
778 3816 933 3872 sanctam
958 3809 1161 3874 Columbam
1190 3810 1222 3872 ci
1245 3829 1308 3891 per

359 3927 469 3972 annos
490 3913 639 3989 quatuor
660 3906 898 3972 sufficientiam
919 3907 956 3970 in
978 3909 1139 3991 expensis
1161 3908 1307 3972 invenit.

360 4007 428 4070 Per
442 4007 531 4069 idem
545 4013 693 4089 teman,
705 4006 748 4069 ad
765 4007 1028 4072 subventionem
1045 4015 1145 4071 terrae
1163 4015 1308 4084 sanctae,

360 4105 402 4166 do
436 4125 646 4188 unaquaque
677 4117 840 4171 carucata
884 4113 985 4171 terrae
1017 4106 1124 4170 totins
1155 4102 1308 4188 Angliae,
