2820 4882
392 411 532 460 riorus
555 412 827 462 nrsronmanu.
1016 395 1081 459 401

130 587 196 631 vus
211 588 389 634 servorum
408 570 488 649 Dei,
506 571 693 648 Willelmo,
709 571 900 635 Senonensi
915 569 1081 651 archiepi-
1094 591 1148 631 an.
1160 589 1215 630 um

130 687 250 750 scopo,
266 670 428 736 salutem.
474 671 562 735 Cum
583 673 619 735 iu
642 678 763 735 nostra
779 670 861 735 olim
879 690 973 734 esses
993 689 1083 752 prae-

129 769 244 832 sentia
260 771 484 848 constitutus,
504 772 567 836 tihi
585 771 667 836 viva
682 790 768 835 voce
786 771 1015 854 injunximus,
1030 778 1082 846 ut,

129 867 359 950 suffraganeis
376 872 445 935 tuis
463 870 621 934 Parisius
640 871 703 935 tihi
720 870 851 946 ascitis,
872 870 914 933 ad
935 871 1083 950 abroga-

130 968 260 1032 tionem
282 989 401 1051 pravae
419 971 585 1035 doctrinae
606 969 715 1046 Petri,
734 970 908 1053 quondam
928 968 1082 1032 Parisio-

131 1068 245 1131 ceusis
270 1071 435 1152 episcopi,
463 1089 533 1153 qua
559 1070 696 1147 dicitur,
718 1070 810 1152 quod
834 1068 1005 1144 Christus,
1026 1087 1082 1130 se-

131 1167 284 1231 cundum
301 1169 393 1251 quod
410 1179 464 1234 est
479 1170 592 1248 homo,
614 1189 682 1233 uon
702 1177 756 1234 est
779 1168 921 1250 aliquid,
941 1167 1081 1231 omniuo

130 1262 339 1332 intenderes¹
358 1277 394 1333 et
410 1268 583 1334 efficacem
599 1288 740 1351 operam
760 1268 951 1332 adhiberes.
994 1266 1083 1329 Inde

130 1366 299 1449 siquidem
315 1375 381 1446 est,
392 1369 485 1451 quod
501 1367 712 1433 fraternitati
725 1375 795 1432 tuac
812 1388 875 1450 per
890 1366 1082 1449 apostolica

131 1465 262 1548 scripta
279 1468 495 1546 mandamus,
507 1475 690 1551 quatenus,
702 1468 794 1550 quod
811 1469 885 1545 tihi,
900 1486 978 1531 cum
992 1485 1082 1548 prac-

130 1585 212 1630 sens
222 1586 328 1645 esses,
340 1570 578 1652 praecepimus,
588 1567 825 1649 suffraganeos
836 1575 915 1632 tuos
925 1565 1082 1632 Parisius

130 1685 312 1745 convoces,
327 1675 363 1732 et
375 1687 446 1732 uua
458 1688 536 1733 cum
550 1668 618 1731 illis
629 1674 666 1731 et
677 1667 755 1731 aliis
768 1668 852 1733 viris
863 1666 1033 1749 religiosis
1047 1675 1083 1732 et

131 1766 359 1848 prudentibus
383 1769 621 1851 praescriptam
646 1768 836 1831 doctrinam
856 1766 997 1831 studeas
1022 1785 1083 1846 pe·

131 1865 226 1929 nitus
243 1868 424 1949 abrogare,
441 1875 477 1932 et
493 1887 515 1932 a
532 1866 708 1949 magistris
724 1866 940 1930 scholaribus
955 1864 1082 1931 ibidem

131 1964 168 2035 in
191 1964 367 2048 theologia
388 1968 607 2032 studentibus
630 1965 818 2042 Christum,
840 1965 931 2030 sicut
952 1962 1083 2046 perfec·

133 2071 209 2137 tum
231 2065 357 2144 Deum,
374 2068 425 2131 sic
442 2075 479 2131 ct
498 2066 686 2150 perfectum
708 2064 882 2129 hominem
902 2083 943 2127 ac
963 2083 1083 2131 verum

131 2163 305 2229 hominem
321 2186 367 2229 ex
383 2167 497 2231 anima
511 2173 547 2230 et
563 2185 707 2248 corpore
724 2166 982 2240 consistentem,
995 2183 1081 2245 prae·

133 2265 242 2348 cipias
261 2265 416 2345 edoceri3
440 2267 611 2332 universis
632 2265 777 2329 firmiter
796 2272 832 2328 et
853 2264 1007 2327 districte
1028 2263 1082 2326 in·

71 2384 72 2388 ¹
128 2363 294 2448 jungens,
314 2367 406 2448 quod
426 2366 619 2431 doctrinam
635 2365 731 2428 illam
752 2364 794 2428 do
812 2371 938 2427 caetero
954 2381 1082 2444 nequa·

133 2482 238 2546 quam
259 2466 381 2531 docere
401 2471 624 2549 praesumant,
644 2463 705 2529 sod
726 2464 838 2547 ipsam
864 2463 1003 2546 penitus
1025 2462 1085 2528 de-

133 2562 326 2632 testentur?

191 2741 241 2805 Do
258 2738 359 2806 libello
372 2739 492 2806 abbatis
503 2741 660 2817 Joaollm,
675 2762 761 2826 qoam
776 2741 901 2826 scripsit
916 2748 1022 2804 contra

429 2841 562 2906 Petrum
576 2839 797 2905 Lomborclum.

198 2964 344 3046 Scripsit
370 2963 488 3053 etiam,
498 2962 624 3029 eisdem
650 2964 772 3028 diebus
795 2970 916 3027 contra
940 2961 1085 3026 eundem
1098 2989 1211 3078 mm

135 3062 280 3128 Petrum
309 3064 542 3129 Lombardum
564 3058 691 3129 ²ahbas
719 3063 742 3127 J
745 3063 880 3128 oachim
910 3062 1086 3126 Florensrs
1099 3087 1243 3136 maranno

1100 3139 1168 3177 Peter.

135 3164 284 3228 coenobii
311 3163 479 3243 libellum,
501 3183 630 3230 vocans
655 3184 732 3228 eum
755 3162 955 3227 haereticum
977 3171 1013 3225 et
1034 3162 1087 3225 in·

134 3282 270 3341 sanum,
288 3284 329 3328 eo
344 3266 436 3346 quod
451 3266 487 3328 in
502 3263 590 3328 libro
606 3262 868 3341 sententiarum,
879 3280 980 3345 quem
995 3281 1087 3325 com-

125 3371 312 3445 posuerat,
339 3364 428 3428 idem
455 3364 583 3428 Petrus
611 3363 653 3427 de
677 3363 811 3426 unitate
838 3363 912 3427 sive
936 3361 1087 3425 essentia

136 3463 321 3527 Trinitatis
347 3462 448 3541 dixit,
479 3463 653 3543 Quoniam
681 3462 841 3546 quaedam
866 3480 1000 3526 summa
1032 3481 1087 3525 res

135 3570 201 3638 est,
227 3561 336 3631 Pater
360 3570 395 3629 et
419 3563 528 3629 Filius
550 3571 587 3628 et
609 3563 760 3646 Spiritus
783 3562 943 3634 Sanctus,
969 3568 1005 3625 et
1026 3560 1088 3625 illa

136 3766 178 3826 cil,
190 3764 287 3826 Gnido,
298 3764 349 3813 and
360 3769 404 3814 not
415 3764 598 3824 wilhemum
623 3762 723 3826 achia]
741 3762 783 3811 He
801 3776 856 3810 was
873 3761 980 3811 founder
997 3760 1027 3810 ol
1045 3761 1087 3809 the

136 3834 288 3896 archbishop
305 3834 334 3882 os
347 3835 427 3895 Sens3
451 3833 493 3883 the
509 3832 600 3884 former
623 3832 802 3895 monasteryoi
810 3832 898 3888 Flore;
910 3831 950 3880 his
958 3831 1025 3878 hook
1034 3845 1088 3878 was

137 3903 231 3966 having
247 3904 389 3954 succeeded
406 3909 432 3953 to
451 3903 493 3952 the
512 3917 555 3952 see
574 3905 600 3952 in
624 3902 781 3953 condemned
791 3903 818 3950 in
829 3901 872 3950 the
883 3900 968 3949 fourth
979 3900 1087 3948 Lateran

138 3978 212 4024 1175.
243 3974 342 4025 Goncil.
353 3984 390 4024 v1.
402 3974 430 4023 ii.
442 3974 492 4023 col.
505 3976 577 4022 lons.
625 3973 734 4032 couucil,
751 3973 778 4023 in
797 3975 876 4032 12153
900 3984 943 4019 see
960 3968 1090 4030 Harduin,

173 4041 180 4071 ¹
191 4045 333 4093 intenderes
345 4078 352 4094 .
366 4079 373 4093 .
386 4042 552 4105 adhiberem]
571 4043 602 4091 ln
626 4047 686 4092 tom.
697 4043 742 4092 rii.
754 4058 781 4103 p.
793 4045 832 4091 18.
858 4041 908 4089 His
919 4038 963 4088 life
975 4039 997 4087 is
1011 4039 1090 4100 print·

136 4114 195 4164 MS.
206 4113 354 4162 ‘intendens
367 4148 374 4163 .
388 4148 394 4163 .
408 4148 414 4162 .
427 4106 566 4162 adhibens?
627 4111 659 4161 ed
677 4111 703 4159 iu
722 4110 765 4159 the
783 4111 842 4159 Act.
859 4109 905 4161 SS.
925 4123 1006 4158 mens.
1024 4108 1090 4158 Mai.

173 4181 184 4214 ²
195 4183 279 4232 Abies
291 4183 403 4232 Jocchim
420 4183 546 4234 Florensis
555 4197 602 4231 coe-
628 4187 688 4231 tom.
699 4181 744 4231 vii.
756 4195 782 4242 p.
794 4183 835 4229 89.

187 4289 268 4338 von.
286 4290 324 4339 11.
876 4270 898 4335 2
917 4288 941 4333 n
