2820 4882
416 417 556 466 nunnus
580 418 848 469 ursromnuuu.
1063 406 1108 470 53

157 574 213 657 qui
226 575 364 658 virgam
389 572 602 658 pastoralem
626 577 753 659 exigis,
775 597 880 659 quam
904 599 973 643 non
1001 579 1242 644 tradi-anun.

156 674 257 754 disti;
281 684 353 740 tuae
376 677 557 739 sententiae
575 684 690 740 tamen
713 671 1029 742 ¹cedensbaculum
1052 651 1224 744 redidit

157 776 315 857 signabo,
337 775 420 839 licet
434 795 504 838 non
521 777 596 853 tibi,
612 778 694 858 quia
715 776 848 860 justius
864 779 961 841 illum
985 787 1107 844 sancto

157 876 297 938 reddam
331 875 540 952 Eadwardo,
574 875 674 958 cujus
701 877 862 940 baculum
898 880 1108 943 auctoritate

158 974 316 1057 suscepi?
357 975 404 1038 Et
421 975 476 1037 bis
491 974 592 1038 dictis
609 995 686 1038 cum
702 976 775 1040 suis
795 978 942 1041 accessit
957 978 999 1041 ad
1016 986 1108 1041 tum·

157 1076 233 1138 barn
272 1093 514 1151 marmoream,
549 1093 618 1156 qua
657 1075 799 1156 gloriosi
832 1078 923 1157 regis
951 1077 1107 1160 reliquiae

157 1175 418 1251 claudebantur,
434 1181 469 1237 et
483 1180 583 1237 stans
601 1181 682 1238 ante
704 1175 922 1256 sepulchrum
946 1178 1007 1254 ait,
1031 1177 1106 1242 ‘Tu

159 1275 250 1351 scis,'
272 1274 395 1357 inquit,
425 1275 665 1338 ‘sanctissime
688 1295 750 1339 rex
776 1275 980 1354 Eadwarde,
1003 1296 1107 1361 quam

157 1376 288 1439 invitus
320 1373 385 1437 hoc
414 1393 503 1437 onus
532 1374 754 1456 susceperim,
779 1377 914 1456 quoties
945 1397 999 1440 me
1029 1396 1108 1441 cum

159 1493 334 1559 quaererer
350 1474 616 1551 absentaverim,
640 1476 689 1537 sic
709 1475 822 1538 fateor
837 1477 919 1558 quia
941 1476 1108 1559 insipiens

159 1575 272 1638 factus
294 1593 384 1649 sum,
408 1573 469 1636 sed
493 1581 531 1636 tu
554 1592 609 1637 me
633 1573 801 1655 coegisti;
831 1594 911 1639 nam
934 1576 1015 1640 licet
1039 1576 1110 1641 fra-

159 1681 251 1738 trum
274 1693 343 1737 non
363 1672 499 1736 deesset
515 1674 652 1750 electio,
670 1673 781 1756 plebis
796 1676 930 1756 petitio,
945 1676 1108 1740 voluntas

160 1775 398 1858 episcoporum
411 1775 570 1854 etgratia
584 1792 776 1855 procerum,
793 1772 849 1837 bis
866 1782 981 1838 tamen
998 1778 1108 1839 omni·

159 1876 220 1938 bus
236 1881 301 1937 tua
314 1873 602 1955 praepouderabat
615 1875 817 1950 auctoritas,
835 1882 896 1936 tua
918 1876 1030 1955 magis
1047 1896 1109 1939 vo-

159 1975 289 2050 luntas
303 1973 364 2037 sed
383 1992 461 2036 ecce
475 1993 568 2036 nunc
581 1992 693 2037 novus
710 1993 785 2050 rex,
803 1991 894 2035 nova
912 1973 982 2049 lex,
998 1994 1108 2037 novus

160 2072 318 2158 pontifex
340 2091 450 2136 novas
472 2074 662 2136 sententias
683 2072 931 2154 promulgant;
958 2080 993 2135 te
1015 2093 1109 2137 erro·

161 2177 205 2239 ris
229 2179 395 2254 arguunt,
414 2173 474 2254 qui
495 2192 550 2235 me
575 2173 772 2254 pontificem
795 2172 925 2251 lecisti3
949 2192 1004 2236 me
1022 2192 1111 2254 prae-

163 2273 379 2356 sumptionis,
406 2273 466 2353 qui
496 2273 676 2336 consensi:
709 2293 778 2336 non
803 2280 918 2336 tamen
941 2273 1022 2349 illis,
1050 2273 1110 2356 qui

163 2377 310 2456 exigunt
337 2370 429 2454 quod
462 2392 530 2436 nou
560 2372 740 2449 dedemut,
771 2371 830 2435 sed
858 2371 920 2436 tibi
950 2373 1110 2436 baculum

163 2476 301 2556 resigno
333 2473 393 2553 qui
422 2471 559 2548 dedisti,
587 2473 649 2535 tibi
677 2492 793 2536 curam
824 2492 941 2536 eorum
974 2474 1109 2538 dimitto

164 2594 248 2658 quos
272 2572 357 2635 mibi
384 2572 633 2635 commendasti
645 2566 665 2650 ς’
691 2580 726 2636 et
753 2591 829 2635 cum
855 2573 928 2636 haec
953 2573 1111 2651 dixisset,

163 2676 299 2739 elevata
321 2671 498 2754 paululum
524 2690 630 2734 manu
653 2673 688 2734 in
713 2672 875 2753 lapidem,
898 2692 967 2755 quo
986 2692 1111 2754 corpus

166 2782 322 2838 sanctum
347 2773 541 2854 tegebatur,
559 2772 733 2853 impressit
746 2773 918 2849 baculum,
932 2778 942 2806 ‘
956 2772 1111 2855 Accipe,'

163 2875 333 2958 iuquienS,
349 2872 506 2935 ‘domiue
527 2873 574 2934 mi
595 2891 669 2948 rex,
687 2880 722 2936 et
742 2872 797 2935 cui
821 2873 990 2954 placuerit
1012 2872 1111 2937 trade

164 2976 260 3038 illum
271 2973 290 3052 ;’
317 2979 352 3036 et
366 2973 417 3035 sic
434 2971 645 3035 descendens
667 2973 711 3035 ab
725 2972 839 3048 altari,
857 2973 1111 3054 pontificalibus

166 3082 305 3149 exutus,
328 3072 419 3135 inter
437 3071 625 3135 monachos
642 3071 716 3152 ipse
729 3071 803 3153 Jam
822 3073 1010 3135 monachus
1032 3074 1113 3135 sim·

165 3175 245 3258 plex
263 3172 402 3236 resedit.
456 3171 550 3249 Quid
575 3172 682 3252 ergol
707 3171 965 3235 admirabantur
982 3191 1112 3248 omues,

165 3275 340 3339 intuentes
378 3272 512 3352 virgam
544 3270 753 3352 pastoralem
786 3271 874 3334 silici
905 3271 1113 3346 immersam,

168 3394 258 3458 quae,
272 3373 373 3454 quasi
394 3372 431 3433 iu
455 3389 625 3433 marmore
650 3371 818 3447 radicata,
833 3390 896 3434 nec
919 3370 1114 3433 declinabat

167 3475 208 3537 ad
249 3472 430 3535 dexteram
471 3489 583 3550 neque
613 3470 656 3532 ad
689 3471 891 3549 sinistram;
933 3471 1115 3534 tentabant

167 3574 262 3637 illam
281 3570 419 3653 quidam
436 3570 594 3646 evellere,
617 3569 676 3633 sed
701 3570 762 3632 illa
783 3570 967 3633 immobilis
980 3589 1115 3651 perma-

168 3674 285 3737 nebat.
338 3669 410 3734 Res
433 3669 585 3732 defertur
607 3670 644 3731 in
665 3669 846 3751 synodum,
861 3669 920 3733 sed
944 3668 1116 3733 Lanfran·

159 3792 230 3836 cus
245 3770 347 3834 dictis
361 3769 462 3834 fidem
484 3788 554 3834 non
577 3767 755 3844 adhibens,
777 3768 944 3832 accersito
961 3769 1117 3833 Roffensi

169 3874 333 3954 episcopo
362 3867 553 3944 Gundulio,
575 3867 676 3950 jubet
700 3875 741 3931 ut
763 3869 927 3932 accedeus
954 3869 997 3932 ad
1029 3876 1116 3933 tum-

169 3975 249 4036 bam
280 3968 455 4045 baculum,
490 3987 592 4050 quem
623 3967 831 4048 deposuerat
855 3968 1050 4046 Wlstanus,
1082 3971 1118 4033 iu

469 4206 476 4239 ¹
492 4205 608 4277 Cedens]
628 4205 755 4272 ‘Sedens,’
767 4211 823 4260 MS.
