2820 4882
302 393 346 459 38
554 411 689 458 uocatu
713 411 761 458 nn
784 411 992 460 wunnovnn

141 585 195 626 an.
207 587 263 626 ruo.
302 568 420 653 pedire
433 568 574 633 curabo.
627 568 793 632 Delatum
808 573 862 632 est
879 567 910 631 ei
929 566 1129 650 aliquando,
1144 586 1253 650 queu-

302 669 383 733 dam
398 670 440 733 de
455 669 598 732 summis
620 669 820 751 proceribus
843 669 915 731 suis
936 668 978 732 de
1001 688 1042 733 eo
1064 667 1254 733 occidendo

303 789 381 834 cum
396 770 468 834 suis
483 769 641 833 hostibus
658 770 882 849 convenissc3
900 789 963 833 rex
978 775 1095 832 autem
1109 787 1254 832 accusa·

303 871 371 934 tori
397 870 571 933 silentium
589 871 784 952 imperavit,
802 870 898 934 siluit
914 875 949 933 et
965 889 1028 932 rex
1042 869 1118 951 ipse
1135 869 1254 952 prodi·

304 971 402 1048 toris,
413 971 473 1052 qui
488 977 570 1033 tuuc
586 970 674 1034 sorte
690 972 822 1046 aberat,
834 969 1019 1033 adventurn
1032 977 1254 1051 exspectans

304 1069 477 1148 Quicum
503 1070 546 1133 ad
575 1071 705 1133 curiam
728 1089 806 1134 cum
831 1088 959 1151 magno
981 1077 1153 1151 apparatu
1179 1070 1254 1152 regi

303 1169 528 1233 insidiaturus
558 1171 722 1247 venisset,
747 1169 849 1253 jubet
885 1189 947 1233 rex
978 1188 1112 1233 summo
1152 1189 1255 1234 mane

303 1289 382 1333 oum
406 1271 550 1334 canibus
584 1289 702 1334 omnes
727 1277 910 1335 venatores
939 1269 1081 1348 adesse3
1115 1276 1255 1334 etcum

298 1369 374 1455 jam
400 1389 526 1434 aurora
542 1370 728 1447 illuxisset,
750 1389 825 1447 rex,
840 1369 974 1434 cunctis
995 1370 1196 1451 proceribus
1217 1378 1255 1436 et

303 1469 470 1534 militibus
500 1470 692 1547 advocatis,
714 1476 878 1534 venatum
899 1471 950 1533 ire
977 1469 1130 1547 festinat,
1154 1471 1253 1534 veni·

303 1590 434 1653 eusque
461 1570 505 1634 ad
534 1571 709 1652 quandam
741 1571 849 1634 latam
874 1570 1065 1652 planitiem,
1088 1589 1193 1652 quam
1215 1572 1253 1634 in

302 1671 443 1734 modum
475 1690 611 1734 coronae
636 1672 726 1736 silva
756 1670 961 1734 densissima
991 1671 1165 1752 cingebat,
1188 1691 1253 1735 rex

303 1789 418 1834 secum
442 1772 539 1833 inea
561 1790 661 1834 suum
684 1771 827 1834 retinuit
843 1771 1065 1854 proditorem,
1080 1788 1254 1835 seorsum·

303 1890 382 1952 que,
400 1871 478 1934 aliis
503 1889 607 1934 canes
627 1877 663 1934 et
677 1870 768 1935 feras
784 1871 1056 1952 insequentibus,
1072 1889 1094 1933 a
1116 1872 1254 1936 caeteris

302 1970 399 2034 solus
424 1989 501 2034 cum
527 1970 602 2035 solo
624 1972 778 2035 recessit.
830 1968 887 2035 Ab
911 1972 1004 2035 omni
1026 1970 1175 2053 denique
1197 1991 1253 2036 re·

301 2079 417 2135 motus
444 2079 588 2154 aspectu
605 2072 761 2135 substitit
777 2090 853 2148 rex,
868 2077 904 2135 et
919 2070 1106 2153 respiciens
1120 2071 1157 2134 in
1172 2092 1254 2154 pro-

302 2171 449 2236 ditorem
480 2172 591 2251 dixit3
620 2171 757 2248 ‘Ecce,’
784 2170 908 2252 inquit,
933 2176 1020 2252 ‘ego
1051 2177 1087 2235 et
1113 2179 1153 2235 tu
1179 2193 1253 2236 me·

302 2290 391 2349 cum,
424 2270 519 2335 solus
552 2290 630 2335 cum
653 2271 739 2348 solo,
768 2271 938 2334 similibus
961 2271 1109 2353 protecti
1133 2273 1252 2351 armis,

303 2371 400 2453 equis
416 2372 585 2434 similibus
599 2373 704 2448 vecti,
719 2385 789 2434 non·
813 2379 867 2435 est
884 2371 943 2454 qui
957 2372 1085 2448 videat,
1105 2391 1175 2434 nou
1198 2380 1253 2438 est

303 2472 363 2553 qui
378 2470 510 2548 audiat,
528 2491 591 2535 neo
608 2471 668 2553 qui
686 2471 787 2535 alteri
807 2478 962 2535 nostrum
981 2471 1183 2553 suffragium
1202 2472 1252 2537 fe-

303 2579 380 2651 rat3
403 2573 433 2634 si
450 2571 559 2653 igitur
574 2570 681 2636 habes
696 2592 767 2648 cor,
784 2570 815 2635 si
832 2571 938 2649 vales,
961 2572 991 2635 si
1010 2571 1129 2649 audeS,
1143 2572 1251 2656 imple

303 2672 396 2754 quod
411 2673 635 2755 proposuisti,
645 2671 747 2736 redde
761 2672 923 2735 hostibus
933 2672 1018 2735 meis
1032 2679 1067 2735 et
1077 2674 1252 2754 complici·

302 2773 368 2836 bus
380 2773 448 2836 tuis
463 2772 555 2854 quod
571 2773 769 2856 promisisti.
802 2771 839 2835 Si
854 2773 943 2835 enim
959 2791 1013 2836 me
1027 2772 1251 2837 occidendum

302 2880 419 2954 putaS,
436 2873 575 2955 quando
595 2872 735 2949 rectius,
758 2873 896 2955 quando
914 2873 1092 2949 secretius,
1109 2874 1250 2955 quando

303 2972 461 3050 virilius3
501 2973 532 3035 si
562 2991 732 3036 venenum
763 2973 907 3054 parasti,
935 2972 1001 3036 hoc
1029 2971 1250 3038 muliercula·

303 3091 378 3135 rum
403 3091 479 3136 esse
495 3073 573 3155 quis
590 3073 747 3137 nesciatl
788 3072 826 3136 Si
840 3072 968 3137 lectulo
981 3072 1168 3149 insidiaris,
1184 3074 1250 3165 hoc

302 3172 468 3237 adulterae
494 3179 660 3255 possunt3
692 3173 723 3236 si
749 3173 877 3236 ferrum
911 3179 952 3235 ut
982 3172 1116 3235 occulte
1144 3172 1250 3238 ferias

301 3273 524 3350 abscondisti,
548 3273 613 3360 hoc
641 3272 757 3336 sicarii
784 3280 819 3336 et
840 3291 909 3336 non
932 3271 1051 3335 militis
1074 3291 1151 3336 esse
1176 3272 1250 3337 offi-

300 3373 403 3451 cium,
418 3392 518 3436 nemo
534 3380 587 3436 est
604 3373 664 3455 qui
679 3373 824 3436 dubitet.
875 3370 954 3454 Age
977 3391 1059 3453 ergo
1074 3372 1167 3454 quod
1181 3375 1249 3438 viri

300 3479 354 3535 est
377 3481 412 3537 et
428 3473 559 3548 militis,
586 3479 620 3535 et
642 3472 736 3534 solus
761 3491 840 3534 cum
864 3472 939 3535 solo
966 3472 1186 3554 congredere,
1209 3482 1250 3538 ut

300 3572 423 3636 saltem
446 3571 596 3654 proditio
611 3578 673 3634 tua
690 3571 903 3653 turpitudine
924 3578 1053 3649 careat,
1069 3591 1148 3655 quae
1170 3573 1249 3636 infi-

299 3670 441 3735 delitate
468 3690 586 3735 carere
613 3689 682 3734 non
709 3671 848 3753 potest!
901 3670 1005 3734 Miles
1032 3679 1147 3735 autem
1170 3671 1247 3737 haec

299 3771 453 3848 audiens,
477 3790 560 3834 mox
575 3771 689 3835 verbis
706 3771 798 3852 regis
815 3772 917 3854 quasi
939 3770 1039 3852 gravi
1061 3765 1246 3854 percussus

298 3869 453 3947 fulmine,
481 3890 526 3934 cx
560 3890 649 3952 equo
678 3871 714 3933 in
745 3878 872 3935 terram
903 3871 1044 3948 corruit,
1072 3871 1246 3956 armisque

296 3969 461 4054 projectis
487 3970 531 4033 ad
553 3970 658 4054 pedes
684 3971 798 4052 regios
818 3991 896 4035 curn
918 3970 1103 4055 lachrymis
1123 3979 1158 4036 et
1175 3980 1246 4036 tre·

288 4089 391 4134 ‚more
415 4071 577 4134 cucurrit.
630 4070 696 4134 Cui
721 4090 796 4148 rex,
820 4070 926 4135 ‘Noli
950 4071 1093 4150 timere,’
1117 4072 1244 4154 inquit,

296 4170 399 4252 ‘quia
416 4169 501 4234 nihil
517 4171 597 4234 mali
620 4190 641 4233 a
663 4191 717 4234 me
733 4172 899 4254 patieris.’
952 4170 1022 4249 Qui
1045 4192 1123 4236 cum
1146 4173 1178 4236 ei
1201 4173 1244 4237 de
