2820 4882
304 415 369 480 264
559 430 694 477 uocum
719 430 765 475 nn
790 427 997 475 wuunorna

458 658 508 725 De
524 668 609 724 oculo
626 660 788 724 uehementi
805 669 832 723 et
839 660 971 743 flumine
977 658 1105 743 foetido.

145 808 269 849 nunu.
359 783 461 847 Unde
484 784 659 848 daemones
685 784 829 847 militem
850 783 887 846 in
906 790 1057 847 montem
1081 781 1259 849 excelsum

144 857 295 959 iiiiiriii‘ii
308 884 523 966 impellentes
552 884 777 949 ostenderunt
799 883 831 946 ei
855 884 1035 965 utriusque
1061 902 1167 947 sexus
1193 883 1258 946 ho·

145 960 166 999 8.
174 959 251 998 Patrio.

308 985 416 1047 mines
439 984 610 1048 etaetatis
633 984 778 1047 diversae
794 983 1049 1047 multitudinem
1067 983 1258 1064 copiosam,
1294 1069 1296 1073 y

309 1085 368 1166 qui
385 1103 504 1148 omnes
523 1084 606 1147 nudi
619 1084 797 1161 sedebant,
815 1090 850 1147 et
867 1102 972 1166 super
987 1082 1115 1164 digitos
1131 1082 1258 1164 pedum

309 1184 456 1261 curvati,
486 1190 520 1247 et
548 1184 592 1246 ad
624 1184 821 1266 aquilonem
846 1183 950 1260 versi,
979 1182 1079 1266 quasi
1109 1188 1258 1246 mortem

308 1284 482 1366 perterriti
511 1284 781 1365 exspectabant3
814 1291 850 1349 et
884 1293 962 1347 ecce
988 1282 1102 1345 subito
1131 1291 1258 1346 ventus

309 1384 456 1451 turbinis
484 1383 695 1448 vehementis
729 1385 772 1447 ab
806 1383 968 1466 aquilone
990 1383 1131 1451 veniens
1162 1382 1258 1464 ipsos

310 1502 440 1560 omnes,
464 1491 598 1548 etcum
622 1483 671 1546 eis
694 1484 848 1558 militem,
869 1483 1015 1565 arripuit
1032 1489 1067 1546 et
1091 1481 1127 1544 in
1154 1483 1259 1548 aliam

310 1584 437 1647 montis
457 1591 604 1666 partem,
627 1585 663 1647 in
686 1583 813 1646 flumen
839 1582 1002 1665 frigidum
1028 1589 1063 1646 et
1086 1581 1259 1661 foetidum‚

310 1684 431 1751 flentes
457 1691 492 1748 et
511 1683 740 1748 vociferantes
762 1683 920 1767 projecit,
941 1690 988 1760 et,
1005 1702 1082 1746 cum
1099 1683 1142 1746 dc
1160 1701 1259 1765 'aqua

310 1783 533 1865 frigidissima
555 1802 696 1865 surgere
718 1790 937 1857 conarentur,
960 1783 1133 1846 daemones
1154 1802 1261 1864 super

311 1902 437 1966 aquam
471 1890 647 1947 currentes
679 1884 715 1946 in
748 1884 824 1966 ipso
858 1902 976 1947 omnes
1004 1882 1143 1946 flumine
1174 1884 1258 1946 sub·

311 1989 525 2065 merserunt3
559 1989 595 2046 at
629 1984 727 2046 miles
757 1982 886 2047 Christi
919 2002 1042 2046 nomen
1069 1983 1261 2060 invocavit,

311 2091 347 2151 et
363 2082 544 2148 confestim
566 2083 602 2146 in
625 2083 693 2149 alia
716 2102 753 2146 se
777 2083 852 2165 ripa
875 2082 1019 2148 invenit.
1071 2082 1171 2147 Tunc
1187 2082 1260 2147 dm-

311 2202 430 2263 mones
446 2184 543 2248 illum
566 2190 687 2247 contra
710 2190 866 2247 austrum
882 2182 1070 2261 trahentes
1090 2191 1125 2246 et
1141 2190 1260 2246 osten-

311 2284 432 2348 dentes
446 2283 618 2346 flammam
638 2284 850 2348 teterrimam
872 2290 907 2348 et
925 2282 1050 2347 foetore
1071 2283 1260 2365 sulphureo

310 2384 449 2466 plenam
466 2383 508 2446 de
525 2390 630 2464 puteo
653 2383 803 2465 quodam
827 2384 1024 2460 ascendere,
1046 2390 1082 2447 et
1102 2382 1260 2453 homines

310 2484 421 2550 nudos
451 2490 486 2547 et
517 2482 617 2564 quasi
651 2483 772 2565 igneos
802 2483 898 2546 velut
934 2483 1104 2547 scintillas
1137 2484 1260 2565 igneas

310 2585 345 2651 in
376 2602 489 2647 aerem
521 2602 657 2648 sursum
687 2582 860 2665 compelli,
895 2591 944 2660 et,
975 2583 1191 2648 flammarum
1224 2585 1260 2651 vi

311 2682 502 2761 deficiente,
532 2682 657 2746 iterum
688 2684 724 2746 in
754 2683 870 2764 ignem
899 2691 933 2749 et
957 2690 1099 2765 puteum
1126 2684 1259 2765 relabi3

309 2789 349 2860 *at
376 2783 547 2846 daemones
574 2783 677 2846 militi
702 2782 878 2859 dixerunt,
899 2782 1056 2846 ‘Puteus
1075 2783 1141 2847 iste
1162 2784 1261 2855 flam-

311 2883 480 2949 mivomus
504 2882 665 2946 introitus
699 2890 751 2946 est
778 2882 913 2960 inferni,
940 2884 998 2946 ubi
1025 2890 1180 2946 nostrum
1206 2892 1261 2949 est

310 2982 558 3059 habitaculum,
581 2990 627 3059 et,
643 2983 806 3064 quoniam
829 2983 927 3048 nobis
949 2983 1126 3065 hucusque
1148 2985 1260 3048 studi-

310 3102 371 3160 ose
390 3082 539 3160 servisti,
555 3082 611 3146 hic
634 3083 812 3146 nobiscum
836 3083 909 3145 sine
932 3083 1000 3146 fine
1022 3085 1188 3161 manebis,
1212 3093 1260 3163 et,

310 3182 341 3252 si
363 3183 453 3245 hunc
476 3190 618 3264 puteum
640 3183 817 3264 ingressus
840 3182 957 3260 fueris,
978 3184 1013 3246 in
1037 3184 1152 3247 anima
1168 3186 1263 3267 pari·

311 3291 363 3350 ter
381 3289 416 3345 et
430 3302 572 3364 corpore
590 3283 729 3365 peribiS,
750 3282 810 3344 sed
831 3290 960 3360 tamen,
982 3284 1011 3346 si
1028 3282 1139 3347 adhuc
1159 3286 1261 3357 nobis

310 3383 502 3449 consentire
526 3383 676 3446 volueris
699 3390 734 3445 et
755 3384 940 3446 revertaris
964 3384 1007 3447 ad
1030 3391 1166 3465 portam
1190 3404 1262 3467 qua

310 3483 460 3559 intrasti,
485 3482 615 3546 illaesus
637 3483 763 3546 redibis
776 3480 796 3560 3'
818 3482 876 3545 ille
900 3489 1015 3546 autem
1039 3483 1081 3547 de
1107 3483 1174 3547 Dei
1198 3485 1260 3548 ad-

306 3582 439 3665 jutorio
460 3581 621 3658 confisuS,
645 3583 805 3664 quicum
833 3584 935 3651 toties
958 3583 1176 3663 liberaverat,
1201 3605 1261 3654 eor

311 3702 387 3748 rum
409 3682 668 3746 exhortationes
695 3682 910 3764 contempsit.
962 3683 1062 3746 Tunc
1085 3683 1261 3757 daemones

310 3782 482 3862 indignati
517 3801 592 3844 sese
623 3782 842 3865 projecerunt
877 3783 913 3844 in
948 3784 1061 3864 ignem
1096 3785 1194 3865 putei
1226 3794 1263 3858 et

312 3902 427 3945 secum
462 3882 603 3944 militem
631 3882 856 3954 intruserunt,
886 3889 921 3945 et
945 3903 1014 3965 quo
1037 3883 1135 3946 miles
1157 3885 1193 3947 in
1220 3906 1263 3955 eo

311 3981 515 4064 profundius
546 3982 732 4060 descendit,
763 4002 804 4046 eo
828 3982 986 4046 latiorem
1009 3989 1151 4065 puteum
1179 4005 1262 4049 con·

309 4082 427 4164 spexit
459 4084 494 4150 et
520 4102 658 4163 poenam
684 4083 720 4144 in
751 4083 810 4146 illo
841 4083 1035 4163 graviorem
1064 4084 1192 4164 sensit3
1225 4086 1262 4149 in

311 4188 415 4266 puteo
432 4201 569 4264 quoque
585 4182 643 4246 illo
660 4182 757 4246 miles
776 4188 909 4246 tantam
933 4183 1131 4264 angustiam
1153 4188 1264 4256 sensit
