2820 4882
318 387 384 452 408
572 399 707 447 nocuus
731 398 778 446 nn
800 397 1008 446 wuunovsu

332 631 477 722 Epistola
494 633 673 698 Alecoudri
683 631 778 719 papae
792 633 838 697 ad
850 633 1021 697 Joltcuocm
1037 631 1268 717 Praeponam,

661 754 759 819 repom
773 732 938 809 Iodomuo.
1048 803 1051 808 ,

162 855 284 946 ᾗῌὲξζῗ·
386 860 489 924 Circa
514 858 653 922 eosdem
683 857 757 921 dies
787 877 880 941 papa
907 855 1109 923 Alexander
1137 848 1278 938 scripsit

161 957 312 1046 ssffissss‘jo‘flm
326 952 552 1042 Presbytero¹
563 957 730 1034 lebendi,
741 958 906 1021 Indorum
919 959 1004 1039 regi,
1018 958 1054 1020 in
1064 957 1139 1020 hacc
1152 957 1277 1034 verba3

325 1051 564 1126 ‘Alexander²
584 1057 767 1140 episcopus
787 1057 966 1121 carissimo
986 1057 1022 1120 in
1044 1056 1184 1120 Christo
1204 1054 1277 1118 filio

325 1160 472 1224 salutem
499 1163 535 1220 et
558 1157 784 1240 apostolicam
811 1156 1095 1221 benedictionem.
1149 1153 1279 1219 Audie-

327 1276 444 1324 ramus
458 1257 678 1342 jampridem,
699 1256 925 1321 referentibus
944 1254 1075 1333 multiS,
1092 1255 1280 1338 quomodo,

323 1379 405 1423 cum
432 1359 482 1421 sis
508 1357 741 1422 Christianam
771 1358 973 1439 religionem
999 1356 1186 1439 professus
1210 1356 1280 1438 piis

326 1459 416 1523 velis
431 1458 591 1540 operibus
609 1457 806 1521 incumbere
825 1456 1028 1539 diligentem
1052 1456 1112 1520 sed
1130 1454 1278 1519 dilectus

327 1558 421 1622 filius
435 1564 553 1620 noster
569 1555 753 1639 Philippus
772 1558 936 1635 medicus,
953 1555 1070 1640 quide
1087 1553 1280 1619 intentione
1369 1586 1372 1591 ⁴

327 1657 470 1741 propria
496 1663 531 1720 et
555 1656 736 1739 proposito
758 1663 819 1721 tuo
845 1677 924 1721 cum
946 1657 1083 1738 magnis
1110 1662 1145 1720 ct
1171 1654 1282 1719 hono·

328 1757 495 1820 rabilibus
516 1755 600 1820 viris
621 1756 674 1820 tui
693 1757 792 1838 regni
811 1776 851 1820 se
873 1758 910 1822 iu
932 1758 1089 1840 partibus
1110 1755 1180 1819 illis
1201 1774 1281 1820 ver-

328 1859 411 1921 bum
438 1856 601 1920 habuisse
622 1857 797 1938 proponit,
822 1852 912 1922 sicut
935 1857 989 1920 vir
1013 1856 1178 1938 providus
1202 1874 1283 1919 con-

328 1963 464 2021 stanter
490 1956 589 2020 nobis
615 1956 746 2033 retulit,
771 1975 809 2019 se
831 1956 1048 2021 manifestius
1075 1957 1118 2019 ab
1139 1955 1194 2019 his
1220 1974 1284 2018 au·

325 2057 472 2134 divisse,
487 2056 580 2139 quod
598 2062 668 2120 tuae
686 2056 876 2120 voluntatis
896 2058 942 2121 sit
958 2063 994 2120 et
1014 2055 1183 2139 propositi
1205 2075 1283 2119 ern-

331 2156 397 2220 diri
423 2157 459 2218 in
485 2155 658 2221 catholica
679 2162 715 2219 et
738 2156 931 2238 apostolica
958 2156 1153 2238 disciplina,
1176 2162 1212 2219 et
1236 2155 1281 2218 ad

330 2256 397 2320 hoc
414 2256 588 2320 ferventer
603 2254 775 2333 intendas
793 2262 832 2319 ut
847 2264 886 2321 tu
901 2264 936 2321 et
952 2263 1078 2320 cuncta
1094 2255 1192 2339 plebs
1210 2263 1282 2319 tuae

332 2355 537 2420 sublimitati
558 2355 742 2419 commissa
761 2355 847 2419 nihil
868 2375 1020 2439 unquam
1042 2355 1229 2420 videamini
1245 2353 1283 2418 in

332 2456 399 2519 fide
417 2465 534 2519 vestra
552 2463 680 2531 tenere,
703 2456 795 2537 quod
813 2474 836 2519 a
856 2456 1014 2520 doctrina
1034 2455 1126 2519 sedis
1144 2462 1285 2537 aposto·

332 2556 409 2639 licae
426 2555 619 2620 dissentiat.
662 2554 755 2618 Illud
772 2556 875 2619 etiam
891 2556 934 2619 ad
952 2555 1285 2620 commendationem

333 2663 404 2719 tuae
416 2655 555 2719 virtutis
570 2653 714 2731 accedit,
730 2655 834 2736 quod,
845 2656 934 2719 sicut
949 2655 1136 2738 praedictus
1149 2653 1285 2738 Philip-

333 2774 399 2838 pus
418 2774 455 2818 se
473 2775 495 2818 a
511 2755 581 2819 tuis
602 2754 725 2819 asserit
742 2754 929 2832 audivisse,
946 2755 1094 2820 ferventi
1112 2755 1283 2820 desiderio

329 2873 477 2937 cuperes
497 2854 533 2918 iu
553 2856 638 2919 urbe
659 2855 786 2918 habere
807 2854 987 2919 ecclesiam
1009 2862 1045 2919 et
1064 2854 1284 2919 Hierusalem

334 2955 445 3020 altare
465 2954 616 3037 aliquod,
634 2954 692 3018 uhi
709 2955 775 3019 viri
798 2954 950 3036 religiosi
969 2956 1012 3019 de
1033 2975 1141 3037 regno
1163 2961 1225 3019 tuo
1248 2962 1284 3019 et

334 3055 520 3137 prudentes
541 3073 679 3118 manere
702 3061 846 3136 possent
869 3063 905 3120 et
929 3056 1122 3138 apostolica
1147 3053 1285 3137 plenius

333 3255 461 3318 trinam
477 3255 589 3337 ipsam
604 3253 740 3318 facilius
757 3254 948 3337 reciperent
960 3263 995 3320 et
1011 3262 1179 3319 tenerent.
1207 3254 1284 3319 Nos

334 3363 451 3419 auteur
472 3374 535 3420 vos
562 3356 605 3418 ab
628 3354 693 3418 hiis
722 3355 889 3432 articulis,
914 3356 950 3419 in
972 3354 1097 3438 quibus
1117 3355 1242 3419 erratis
1264 3375 1286 3419 a

334 3453 535 3519 Christiana
559 3461 595 3518 et
619 3454 790 3518 catholica
818 3454 897 3532 fide,
927 3474 1089 3520 revocare
1115 3454 1286 3533 volentes,

333 3553 516 3636 praefatum
540 3553 739 3636 Philippum
765 3555 810 3618 ad
837 3562 933 3619 tuam
959 3555 1128 3619 mittimus
1152 3555 1285 3636 magni·

334 3653 508 3731 tudinem;
531 3674 594 3736 per
613 3672 714 3735 quem
731 3653 773 3717 de
790 3655 944 3719 articulis
964 3655 1043 3718 fidei
1064 3654 1286 3733 Christianae,

333 3754 369 3818 iu
391 3754 516 3836 quibus
540 3762 579 3819 tu
602 3761 636 3817 et
656 3754 706 3816 tui
729 3772 750 3815 a
771 3755 869 3818 nobis
889 3755 1087 3818 discordare
1109 3754 1286 3834 videmini,

368 3929 376 3962 ¹
389 3930 535 3994 Presbytero
551 3931 695 3994 debarai]
720 3931 794 3992 Upon
820 3933 971 3994 concerning
984 3932 1055 3995 him3
1075 3933 1137 3983 edit.
1153 3936 1227 3996 1⁷2⁷,
1240 3947 1287 3996 pp.

332 4002 374 4050 the
385 4001 481 4063 history
493 4001 523 4049 ol
530 4001 580 4049 this
592 4000 744 4062 individual,
755 4000 795 4049 his
821 4006 938 4053 32b868.

332 4071 452 4133 kingdom
470 4071 521 4120 and
542 4086 624 4132 name,
642 4070 684 4119 the
707 4070 796 4119 reader

332 4156 391 4201 may
406 4143 506 4190 consult
522 4141 564 4190 the
580 4146 651 4190 notes
669 4141 702 4201 by
720 4141 796 4203 Pagi,
856 4134 1059 4202 'Aaronom
1089 4137 1143 4187 The
1165 4137 1240 4187 letter
1261 4144 1288 4188 at

332 4212 357 4258 in
374 4211 416 4259 the
438 4226 500 4272 year
514 4215 586 4272 1177,
602 4208 704 4274 §v-x.
723 4211 796 4259 Man·
821 4206 908 4269 length
925 4209 948 4256 is
963 4208 1040 4270 given
1056 4209 1088 4270 by
1107 4208 1242 4270 Hoveden,
1260 4225 1287 4271 p.

331 4280 425 4332 deville
440 4281 465 4330 in
482 4281 522 4331 his
537 4281 642 4331 Travels
659 4280 705 4331 has
720 4281 797 4331 much
823 4277 1287 4344 tohardBatonius,an.11⁷t,§ss.
