2820 4882
327 429 335 444 ·
391 425 532 474 ruentis
558 424 829 475 ursronmnuu.
1016 412 1083 478 389

130 575 279 656 Eodem*
303 581 394 648 anno
417 604 480 648 rex
494 583 689 667 Anglornm
712 583 899 663 HenricuS,
919 606 996 650 cum
1019 607 1082 670 per
1093 601 1216 644 nomin.

130 700 249 746 omnes
270 683 468 766 provincias
490 704 563 748 suae
584 685 782 767 potestatis,
800 705 879 766 quar
897 687 952 750 vel
969 687 1080 750 Fran-

129 801 248 845 corum
286 783 471 861 liminibus,
507 785 564 848 vel
601 784 777 847 montibus
808 783 998 868 Pyrenaeis,
1022 786 1079 850 vel

130 881 333 948 Britannico
357 884 555 948 vicinantur
580 903 720 960 oceano,
754 884 961 949 munitiones
989 887 1078 950 obti-

130 982 263 1046 nuisset
297 991 333 1047 et
356 983 472 1048 omnia
495 1004 558 1068 pro
585 983 675 1048 velle
700 984 940 1067 disposuisset,
964 986 1077 1049 idibus

128 1080 152 1145 J
155 1083 234 1158 unii¹
258 1082 352 1147 beati
390 1083 535 1148 Thomae
572 1084 736 1166 martyris
774 1085 930 1149 visitavit
961 1085 1077 1168 sepul·

128 1181 265 1262 chrum;
291 1191 338 1260 et,
353 1185 481 1266 ⁴paucis
507 1183 587 1247 inde
607 1183 729 1247 diebus
751 1184 912 1262 evolutis,
936 1184 1077 1248 Gaufri·

128 1281 210 1345 dum
252 1282 360 1347 filium
400 1303 502 1348 suum
534 1292 659 1348 octavo
690 1282 769 1347 idus
799 1280 953 1367 Augusti
985 1285 1077 1368 apud

127 1381 342 1447 Wodestoke
357 1384 498 1467 cingulo
511 1383 653 1447 militari
670 1383 824 1448 donavit.

129 1513 137 1521 ⁶
127 1557 202 1622 De
216 1559 396 1626 ronchalibus
409 1562 510 1640 coacti
524 1558 713 1646 Amptttati
728 1560 904 1625 cuidam
869 1583 940 1625 otro
947 1558 1055 1644 facto.

130 1682 310 1746 Eodem
324 1703 415 1748 anno
430 1685 485 1750 vir
499 1684 651 1768 quidam,
667 1684 761 1749 beati
772 1683 901 1749 Albani
915 1687 1078 1769 martyris
1090 1703 1170 1792 22²3,
1146 1702 1231 1793 ndbqs.

127 1784 275 1896 burgum
302 1784 502 1849 inhabitans
525 1792 561 1849 et
582 1785 649 1849 loci
669 1785 763 1848 illius
786 1785 961 1867 indigena,
988 1786 1079 1849 inter
1110 1751 1170 1802 ΜΗ
1205 1763 1238 1793 '

129 1883 358 1949 convicaneos
387 1904 469 1949 snos
499 1885 573 1948 sine
606 1885 747 1966 querela
774 1885 877 1949 vixit.
938 1884 1009 1948 Hic
1034 1887 1078 1949 ab

127 1984 268 2048 ineunte
292 1992 409 2062 aetate,
431 1992 599 2069 quantum
628 1983 833 2049 substantiae
857 1983 1077 2049 mediocritas

127 2085 362 2166 permittebat,
399 2084 542 2150 honeste
574 2084 708 2162 vivens„
744 2084 892 2149 devotus
922 2085 1077 2149 ecclesiae

129 2184 265 2249 exstitit
288 2184 539 2268 frequentator.
591 2184 685 2249 Dum
705 2184 813 2266 igitur
835 2204 906 2248 una
924 2184 1075 2249 noctium

127 2284 293 2349 instrato
312 2285 458 2368 jaceret,
483 2285 575 2349 circa
595 2285 808 2366 gallicinium
831 2285 977 2349 intravit
1001 2285 1078 2368 qui-

127 2384 206 2448 dam
235 2384 349 2449 decori
372 2386 490 2450 vultus
513 2390 549 2449 et
572 2392 709 2449 statura
730 2404 893 2468 procerus
916 2385 992 2469 ejus
1014 2404 1076 2448 cu·

128 2484 294 2562 biculum,
314 2493 354 2550 ut
373 2485 439 2550 sibi
461 2485 655 2562 videbatur,
681 2485 740 2569 qni
758 2485 913 2549 vestibus
932 2484 1075 2550 indutus

127 2585 281 2649 candidis
306 2585 440 2668 virgam
468 2585 505 2649 in
528 2585 654 2648 dextra
683 2585 947 2668 pulcherrimam
976 2586 1076 2670 baju-

127 2685 234 2763 labat,
264 2685 308 2749 in·
331 2685 430 2770 cujus
461 2686 622 2767 ingressu
648 2685 775 2760 domus
798 2685 977 2750 confestim
1001 2693 1076 2750 tota

127 2785 341 2867 resplenduit
377 2793 412 2850 et
448 2785 547 2869 quasi
576 2785 717 2850 claritas
754 2786 877 2851 solaris
908 2785 1075 2850 interiora

128 2886 277 2950 cubiculi
299 2886 548 2969 perlustravit3
582 2886 642 2967 qui
667 2887 757 2951 lecto
790 2885 1074 2969 appropinquans

123 2985 298 3068 jacentem
314 2986 465 3063 vocavit,
486 2993 533 3063 et,
558 2985 588 3049 si
612 2986 787 3062 dormiret,
813 2984 937 3048 leniter
959 2985 1074 3069 requi·

127 3086 229 3166 sivit;
245 3085 577 3167 ‘Roberte‚'inquit,
587 3086 731 3150 ‘dormis
742 3084 767 3149 l’
791 3084 944 3167 Expavit
958 3091 1074 3148 antem

127 3185 303 3250 Robertus
320 3186 442 3250 timore
459 3184 666 3263 vehementi,
684 3193 719 3249 et
735 3203 840 3268 supra
856 3183 996 3248 modum
1012 3183 1073 3247 ad·

127 3287 255 3350 mirans
281 3287 342 3363 ait,
368 3285 480 3364 ‘Quis
504 3305 554 3364 es,
580 3284 751 3350 dominel'
802 3284 849 3349 Et
871 3284 950 3364 ille;
973 3283 1073 3365 ‘Ego

127 3407 204 3450 sum
227 3393 359 3470 martyr
379 3386 551 3462 Albanus,
577 3385 637 3467 qui
659 3384 791 3449 adhoc
813 3385 925 3462 venio,
948 3391 988 3448 ut
1011 3402 1074 3446 an·
1103 3453 1106 3457 ¹

126 3488 281 3551 nuntiem
292 3486 355 3551 tibi
364 3485 505 3550 Domini
516 3486 730 3549 voluntatem
743 3485 785 3549 de
798 3484 963 3566 magistro
974 3483 1074 3559 meo,’

127 3587 251 3669 inquit,
279 3586 426 3651 ‘clerico
453 3585 613 3650 videlicet
642 3585 713 3663 illo,
740 3603 801 3667 per
830 3602 929 3668 quem
956 3583 1074 3666 [fidem

128 3687 275 3768 Christi]
304 3687 452 3769 suscepi,
479 3685 538 3769 [de
563 3685 649 3769 quo]
673 3686 763 3749 inter
784 3684 939 3748 homines
961 3702 1074 3747 sermo

127 3787 288 3870 frequens
305 3787 464 3863 habetur,
483 3792 529 3864 et,
547 3804 625 3851 cum
643 3804 723 3869 spes
740 3784 892 3848 fidelium
915 3785 961 3847 sit
981 3782 1074 3867 quod
1167 3783 1172 3790 '

123 3887 252 3952 futuris
278 3888 489 3970 temporibus
517 3886 641 3950 debeat
657 3885 815 3961 revelari,
841 3884 938 3948 locus
958 3891 1074 3947 tamen

128 3989 203 4072 ejus
218 3988 406 4071 sepulturae
429 3988 473 4050 ab
496 3986 655 4050 omnibus
677 3986 869 4067 ignoratur.
921 3983 1074 4065 Surgens

128 4108 211 4170 ergo
238 4086 403 4153 velociter
434 4086 598 4151 circunda
627 4085 691 4150 tibi
714 4084 955 4149 vestimentum
980 4091 1075 4148 tuum

376 4244 479 4297 'Eodem
488 4249 572 4312 cano]
592 4247 824 4311 Dicet0,001.‚6oo.
876 4294 877 4298 ,
