2820 4882
402 407 542 456 uuonan
566 405 832 456 fflsroulsuuu.
1025 387 1091 453 275

142 563 286 628 devotus
313 564 482 644 donavit3
515 564 618 628 homo
640 571 757 628 autem
784 564 854 640 illc,
877 582 955 626 cum
983 562 1088 625 deua-
1073 571 1156 662 -ΡῙΡ
1155 573 1222 661 ΡΜ·

142 664 228 725 rium
249 665 453 747 accepisset,
479 664 541 741 ait,
555 664 764 728 ‘Retribuat
791 664 888 728 tibi
879 671 1218 744 1s,procu-⁸·⁰w¹1ffl-

137 762 197 845 jus
215 781 331 828 amore
346 764 411 828 hoc
428 763 561 842 fecisti3
583 771 619 826 et
637 763 811 844 egotibi
801 783 836 824 ιιι
853 762 990 825 nominc
1011 760 1087 842 ejus

141 860 319 939 denuntio,
350 864 435 946 quia
466 882 512 926 ex
536 861 602 925 hoc
630 863 706 926 loco
728 862 764 926 in
790 862 885 925 brevi
911 860 955 925 ad
981 860 1087 925 alium

141 960 351 1042 migraturus
381 981 431 1039 es,
459 969 495 1025 et
516 961 597 1024 inde
625 961 668 1024 ad
699 961 805 1024 alium
833 960 1006 1024 transiens
1033 978 1087 1022 re·

141 1061 254 1141 quiem
279 1061 460 1124 tandem
450 1060 618 1137 iuvenies,
647 1060 694 1123 ibi
725 1078 835 1142 usque
863 1060 899 1122 iu
927 1058 1062 1121 finem
1051 1077 1088 1120 m

142 1159 209 1222 Dei
234 1161 376 1224 servitio
404 1178 642 1242 perseverans,
671 1167 708 1222 ct
736 1158 921 1224 novissime
949 1158 1017 1270 eris
1044 1156 1086 1218 ad

141 1265 338 1321 sauctorum
355 1258 539 1340 collegium
554 1251 775 1322 evocandus’

211 1429 262 1494 Do
277 1431 464 1495 comeam
473 1431 575 1494 sancti
596 1431 637 1491 W
637 1429 728 1513 freon
741 1429 890 1494 heranitae
904 1438 933 1493 ct
944 1429 1014 1494 oitae

526 1530 704 1614 asperitate·

193 1649 329 1716 Deinde
357 1659 438 1735 post
471 1654 652 1736 paululum
685 1655 722 1717 iu
755 1674 843 1736 opus
875 1656 1089 1719 sacerdotale

143 1749 333 1829 Willclmo,
350 1753 488 1818 domino
505 1755 597 1819 villae
615 1754 650 1816 iu
671 1773 743 1837 qua
760 1762 863 1817 natus
884 1755 1009 1831 fuerat,
1027 1754 1088 1818 ad·

143 1849 278 1939 haerens
300 1871 424 1935 panem
447 1855 603 1934 quotidie
630 1854 667 1916 in
688 1872 809 1917 mensa
829 1853 906 1936 ejus
929 1855 1088 1930 comedit,

144 1949 204 2012 ubi
226 1958 262 2014 et
286 1950 321 2012 iu
349 1952 551 2016 fortitudine
577 1954 688 2017 multa
711 1952 847 2016 lumbos
869 1971 951 2016 suos
974 1954 1088 2016 acciu-

145 2067 230 2130 gens
245 2050 324 2113 usui
337 2052 475 2132 penitus
490 2052 645 2116 carnium
659 2051 845 2117 abdicavit.
886 2051 937 2115 At
953 2053 1007 2115 vir
1021 2050 1088 2114 Dei

145 2154 219 2211 toto
238 2149 315 2232 jam
341 2150 509 2214 desiderio
536 2151 756 2215 solitudinem
783 2151 962 2232 suspirans
983 2169 1005 2214 a
1026 2150 1087 2214 do-

146 2247 238 2311 mino
263 2267 339 2325 suo,
365 2249 474 2313 milite
503 2251 718 2332 supradicto,
739 2249 784 2313 ad
812 2249 916 2312 aliam
937 2249 1087 2313 directus

143 2354 197 2410 est
213 2347 345 2423 villam,
360 2349 498 2412 nomine
514 2348 780 2430 Haselbergam,
795 2368 875 2429 quae
889 2348 934 2412 ab
950 2348 1087 2412 Exouia

145 2465 264 2509 versus
297 2448 463 2511 orientem
487 2449 633 2529 triginta
654 2448 860 2512 milliaribus
882 2448 1013 2511 distare
1033 2449 1085 2511 vi-

143 2544 256 2622 detur,
279 2545 410 2627 Spiritu
433 2546 574 2625 Sancto,
591 2555 631 2610 ut
652 2546 815 2623 creditur,
839 2546 904 2610 hoc
921 2546 1086 2623 dictante,

143 2643 214 2720 ubi,
236 2645 274 2709 in
291 2644 417 2708 cellula
438 2647 592 2710 ecclesiae
608 2646 775 2728 contigua
792 2645 931 2711 Christo
949 2664 987 2709 se
1007 2665 1088 2709 cou-

142 2743 326 2824 sepelicns,
342 2745 452 2808 multo
468 2746 586 2809 labore
603 2745 781 2828 multaque
797 2745 911 2809 carnis
929 2764 971 2809 ac
986 2745 1086 2827 spiri·

144 2847 198 2904 tus
221 2841 408 2908 afflictione
435 2843 565 2908 Christi
587 2844 654 2908 sibi
679 2846 827 2926 gratiam
850 2844 1085 2927 comparavit3

145 2959 223 3006 nam
242 2948 342 3006 tanto
356 2941 491 3026 jejunio
513 2950 549 3008 et
570 2944 793 3020 abstinentia,
814 2949 983 3025 tantaque
998 2943 1086 3025 vigi·

142 3039 266 3105 liarum
282 3041 462 3119 instantia,
479 3043 633 3106 membra
654 3061 719 3106 sua
736 3041 969 3107 mortificabat
984 3060 1087 3123 super

144 3145 283 3216 terram,
299 3147 339 3204 ut
360 3141 461 3222 pellis
478 3141 514 3204 in
535 3142 633 3206 brevi
651 3141 787 3206 ossibus
809 3140 1000 3217 adhaerens,
1017 3161 1085 3204 nou

141 3237 215 3322 jam
234 3240 408 3303 carnalem
425 3240 549 3318 virum,
569 3241 630 3305 sed
652 3240 867 3323 spiritualem
881 3241 918 3303 in
938 3240 1086 3303 humano

66 3394 68 3401 .
142 3356 298 3420 corpore,
315 3338 531 3404 intuentibus
548 3340 738 3404 exhiberet.
778 3339 920 3406 Vestitu
939 3338 1086 3420 simplici

142 3436 254 3501 cilicio
271 3437 365 3502 intus
387 3439 578 3504 inhaerente
598 3445 782 3504 contentus
797 3444 885 3515 erat,
899 3438 991 3519 quod
1008 3457 1085 3502 cum

144 3555 189 3601 ex
211 3537 459 3602 consuetudine
484 3538 576 3602 iufra
602 3539 675 3602 dies
701 3557 831 3620 paucos
852 3536 1087 3614 induraverat,

144 3654 244 3699 usum
260 3635 377 3700 loricae
390 3637 514 3719 incipit
528 3637 707 3716 affectare,
724 3638 816 3718 quod
828 3637 988 3701 domiuus
998 3636 1087 3721 ejus,

144 3734 243 3798 miles
263 3735 441 3817 praefatus,
463 3755 542 3800 cum
565 3736 797 3818 cognovisset,
820 3736 960 3800 loricam
982 3754 1086 3799 uuam

145 3833 292 3898 coutuht
306 3835 382 3898 viro
399 3834 479 3914 Dei,
496 3844 532 3900 et
548 3855 611 3901 vas
627 3833 787 3900 bellicum
809 3835 939 3898 caelesti
955 3834 1087 3898 militiae

145 3934 373 3999 consecravit.
414 3934 587 4000 Noctibus
609 3937 646 3999 in
662 3953 725 3998 vas
740 3933 913 4016 quoddam
935 3951 1012 3996 cum
1029 3932 1086 3995 sri-

146 4050 228 4112 gore
246 4039 282 4095 et
297 4033 454 4098 nuditate
474 4053 566 4118 aqua
583 4036 721 4117 plenum
738 4032 865 4114 frigida
882 4032 1088 4097 descendere

145 4131 291 4208 solebat,
311 4133 436 4215 inquo
455 4135 608 4215 psalmos
629 4132 818 4197 Davidicos
836 4131 988 4196 Domino
1008 4131 1090 4196 offe·

945 4255 987 4300 1⁴2
