2820 4882
305 400 350 465 22
567 413 702 464 uocaui
727 411 775 460 nn
797 411 1005 460 wnunovna

146 589 201 630 an
212 589 269 628 10⁸³·
308 579 468 636 matrona
491 570 676 635 admodum
701 568 827 634 nobilis
851 577 886 634 et
907 569 1082 650 religiosa,
1098 568 1141 632 de
1164 567 1264 651 cnjus

309 672 473 753 largiflua
513 670 721 734 liberalitate
760 676 883 733 sancta
924 668 1065 732 laetatur
1104 668 1264 734 ecclesia.

145 787 266 838 vomendo
311 771 442 835 Eodem
460 778 615 853 tempore
636 789 700 834 rex
716 767 914 832 Willelmns
938 769 1032 832 misit
1047 768 1263 852 justiciarios

148 841 215 882 Μ’
310 890 374 952 per
390 889 508 934 omnes
525 869 665 951 Angliae
685 869 881 944 comitatus,
904 876 940 932 et
960 862 1149 950 ¹inquirere
1171 867 1266 944 secit,

312 978 398 1052 quot
418 989 507 1034 acrae
524 969 581 1033 vel
595 969 723 1052 jugera
738 974 840 1031 terrae
851 968 916 1031 ¹uni
932 973 1049 1032 aratro
1069 965 1267 1032 sufficerent

311 1089 374 1151 per
403 1089 530 1133 annum
561 1070 598 1131 in
623 1067 770 1149 singulis
798 1067 902 1144 villis,
927 1075 963 1130 et
989 1073 1075 1149 quot
1099 1067 1266 1132 animalia

312 1176 456 1251 possent
478 1167 633 1233 sufficere
650 1167 693 1230 ad
710 1167 813 1229 unius
830 1166 920 1230 bidae
937 1167 1119 1230 culturam.
1167 1167 1267 1232 Fecit

315 1268 418 1333 etiam
434 1268 562 1350 inquiri
576 1267 619 1330 de
634 1267 787 1342 urbibus,
799 1267 963 1342 castellis,
972 1265 1076 1343 villis,
1088 1267 1187 1344 viciS,
1203 1266 1268 1329 fiu-

315 1368 477 1443 minibus,
501 1366 697 1449 paludibus,
720 1366 830 1442 silviS,
857 1384 960 1448 quem
984 1385 1123 1429 censum
1146 1366 1270 1430 redde·

316 1473 393 1531 rent
418 1485 642 1548 perannum,
666 1473 702 1530 et
726 1472 811 1548 quot
834 1466 959 1529 milites
987 1474 1102 1530 essent
1124 1464 1161 1529 in
1184 1486 1269 1530 uno-

318 1586 456 1649 quoque
479 1567 644 1630 comitatu
664 1566 782 1647 regni3
806 1584 885 1646 qnae
907 1565 1023 1628 omnia
1044 1566 1080 1629 in
1102 1567 1270 1647 scriptum

319 1665 471 1742 redacta,
498 1673 534 1728 et
558 1665 602 1729 ad
619 1664 969 1729 westmonasterium
991 1664 1119 1743 delata,
1138 1667 1175 1730 in
1197 1666 1271 1729 the·

320 1766 432 1829 sauris
452 1784 572 1847 regum
593 1784 704 1846 usque
726 1765 828 1828 hodie
851 1773 1083 1828 reservantur.
1135 1765 1272 1829 Deinde

319 1865 362 1928 de
387 1882 596 1946 unoquoque
627 1872 755 1942 aratro,
781 1863 816 1927 id
844 1871 898 1928 est
923 1864 1005 1928 hida
1026 1871 1141 1943 terrae,
1164 1867 1273 1930 totius

319 1964 418 2047 regni
434 1983 497 2029 sex
515 1963 644 2027 solidos
660 1964 752 2044 cepit
768 1964 916 2045 argenti.

436 2139 487 2202 Dc
503 2135 662 2202 schismate
678 2136 761 2200 iuter
775 2133 930 2200 secusiam
944 2135 1118 2200 Bouianum
1132 2142 1162 2198 ct

686 2235 909 2320 imperatorem.

163 2373 218 2413 Ab·
229 2374 285 2413 1⁰⁸4-
376 2359 481 2423 Anno
498 2359 640 2423 Domini
657 2375 844 2422 unxxxw.
861 2359 1012 2423 Romani
1033 2360 1278 2443 imperatorem

161 2423 287 2512 ddffe'dffl
328 2459 522 2522 Henrioum
549 2465 763 2542 receperunt,
789 2466 824 2523 et
849 2478 871 2522 a
896 2467 1028 2543 papatu
1057 2459 1279 2542 abjudicatur

163 2522 283 2562 Romaand

164 2573 312 2623 theemreror·
326 2578 444 2624 eorum
470 2559 602 2642 judicio
632 2558 912 2638 Hildebrandus3
955 2559 1054 2642 cujus
1083 2559 1276 2638 wibertus,

327 2658 570 2724 Ravennensis
587 2659 682 2722 urbis
697 2658 987 2742 archiepiscopus,
1001 2661 1037 2722 in
1054 2660 1169 2723 sedem
1191 2678 1277 2741 apo.

326 2759 485 2823 stolicam
506 2758 759 2823 inthronizatur
778 2765 813 2822 et
831 2757 991 2823 Clemens
1006 2760 1215 2836 nominatur,
1233 2778 1276 2824 ac

322 2859 418 2941 juste
435 2877 553 2922 omnes
569 2857 846 2922 Hildebrandum
862 2858 970 2922 fuisse
985 2859 1177 2942 depositum
1192 2879 1277 2924 con-

326 2958 490 3034 clamant,
521 2964 686 3039 tanquam
719 2958 814 3021 laesae
848 2958 1042 3041 majestatis
1073 2979 1181 3037 reum,
1215 2962 1277 3043 qui

327 3062 449 3120 contra
463 3057 704 3139 imperatorem
723 3057 828 3120 alium
845 3058 1028 3123 ordinavit.
1053 3058 1130 3121 Illis
1147 3066 1277 3140 autem,

328 3155 388 3238 qui
415 3162 538 3219 contra
560 3157 767 3230 sentiebant,
795 3151 1089 3235 ²reclamantibus,
1118 3170 1279 3226 asserunt

327 3249 515 3338 paucorum
549 3262 584 3320 et
615 3245 780 3320 laicorum
808 3255 941 3338 judicio
968 3278 1095 3340 papam
1126 3263 1280 3325 amoveri

328 3375 397 3418 non
420 3375 541 3437 posse3
566 3362 612 3432 et,
630 3356 722 3437 quod
739 3354 880 3436 gravius
898 3362 962 3432 est,
979 3358 1015 3418 in
1033 3359 1110 3421 loco
1127 3359 1279 3425 viventis

329 3455 481 3537 episcopi
506 3474 576 3519 non
599 3454 721 3517 debere
747 3455 852 3518 alium
876 3455 1039 3521 ordinari.
1102 3457 1279 3524 Henricus

329 3554 503 3617 tamenin
528 3554 672 3637 imperio
695 3555 877 3617 restitutus
897 3561 963 3631 est,
989 3563 1024 3620 et
1046 3575 1069 3619 a
1090 3576 1182 3639 papa
1201 3557 1280 3625 Cle·

329 3659 443 3716 mente
459 3653 672 3718 benedicitur
685 3654 853 3736 patricius
863 3654 1113 3724 Romanorum.
1149 3657 1281 3722 Eodem

312 3770 468 3833 ,quoque
504 3771 595 3814 anno
628 3753 886 3818 Cassinensium
917 3756 1036 3832 abbas,
1065 3757 1281 3837 Desiderius,

366 3961 374 3992 ¹
386 3963 601 4032 inquirerefecit]
620 3967 681 4016 This
688 3983 743 4017 was
749 3970 792 4018 the
818 3971 869 4020 tion
889 3977 913 4020 to
924 3973 979 4022 that
990 3975 1078 4023 record
1090 3977 1123 4037 by
1135 3977 1175 4026 Sir
1187 3979 1224 4029 H.
1237 3981 1281 4028 El-

329 4033 410 4094 origin
422 4033 450 4081 of
458 4033 499 4082 the
514 4036 657 4086 invaluable
668 4039 755 4087 record
767 4040 796 4088 of
817 4041 859 4103 lia,
870 4043 888 4091 i.
900 4059 926 4104 p.
939 4048 963 4093 4.

330 4103 475 4164 Domesday
485 4104 567 4167 Book,
578 4123 645 4169 upon
657 4108 741 4160 which
750 4109 792 4159 the
853 4109 863 4138 '
875 4110 1093 4184 Reclamantibaffl
1117 4118 1230 4183 wanting
1254 4121 1281 4168 in

330 4173 418 4222 reader
429 4188 487 4235 may
499 4177 597 4224 consult
607 4177 649 4228 the
659 4179 791 4229 Introduc·
819 4182 848 4231 C.
