2820 4882
406 422 545 471 anonas
572 423 843 473 ursroamnuu.
1029 411 1094 476 437

138 588 221 645 cata
249 580 292 644 de
322 586 497 661 potestate
521 580 708 644 infidelium
736 580 909 645 liberetur.
965 575 1093 649 ¹Acce·
1106 603 1161 644 ιιι.
1174 605 1228 643 ua.

139 681 193 743 dit
212 679 317 742 etiam
341 678 385 741 ad
409 679 585 742 cumulum
613 680 807 762 iniquitatis
836 699 877 744 ac
908 681 1093 749 desolatio·

140 798 218 841 nem
236 777 511 841 Christianitatis
533 778 763 855 familiaritas,
787 799 866 862 quae
887 780 982 862 viget
1003 783 1094 849 inter

140 876 366 941 Salaadinum
398 883 435 940 et
462 877 704 958 imperatorem
732 876 1093 962 Constantinopolita-

140 996 237 1052 num,
259 976 316 1039 cui
336 974 478 1038 tradidit
499 974 590 1038 idem
609 975 817 1041 Salaadinus
839 995 960 1042 omnes
982 982 1092 1044 eccle-

140 1076 211 1138 sias
236 1081 338 1137 terrae
359 1073 608 1156 promissionis,
634 1081 674 1138 ut
698 1075 735 1137 in
761 1076 811 1140 eis
835 1077 1009 1140 serviatur
1028 1098 1091 1161 per

140 1193 222 1238 suos
237 1172 424 1236 secundum
441 1172 545 1235 ritum
558 1170 772 1238 Graecorum.
825 1174 973 1257 Insuper
984 1177 1089 1241 etiam

140 1279 176 1336 et
191 1272 282 1335 idem
302 1270 509 1334 Salaadinus
532 1272 626 1335 misit
645 1272 775 1336 idolum
794 1292 894 1336 suum
916 1273 1087 1339 Constan-

140 1371 321 1452 tinopolim
351 1370 570 1452 imperatoris
604 1389 759 1447 assensu,
793 1378 835 1434 nt
868 1373 916 1436 ibi
949 1374 1087 1456 publice

140 1470 321 1545 coleretur,
351 1467 410 1532 sed
440 1487 504 1551 per
531 1469 680 1550 gratiam
711 1469 779 1533 Dei
810 1477 951 1553 captum
976 1475 1085 1538 estin

138 1569 225 1631 mari
250 1587 272 1630 a
289 1567 524 1631 Jannensibus
555 1574 591 1631 et
621 1587 698 1631 cnm
723 1569 801 1651 ipsa
830 1571 912 1635 navi
940 1571 1085 1654 perduc·

110 1670 212 1731 'tum
241 1672 296 1729 est
324 1666 469 1748 Tyrum.
522 1665 646 1748 Nuper
675 1668 781 1731 etiam
806 1670 980 1734 exercitus
1003 1690 1085 1735 con·

136 1772 290 1830 structus
315 1771 471 1829 estante
491 1766 611 1828 urbem
626 1764 822 1830 Antiochiae
841 1775 877 1832 et
898 1769 1087 1850 imperator

137 1866 295 1947 promisit
326 1870 465 1928 centum
493 1863 624 1945 galeias
655 1864 864 1943 Salaadino;
896 1884 938 1928 ac
962 1866 1085 1932 Salaa-

137 1964 238 2027 dinus
255 1964 351 2028 dedit
366 1964 398 2026 ei
416 1969 526 2026 totam
550 1969 678 2026 terram
700 1963 950 2045 promissionis,
972 1965 1024 2028 ita
1045 1973 1086 2030 ut

136 2062 303 2145 impediat
329 2062 422 2127 viam
453 2061 665 2125 Francorum
690 2062 734 2125 ad
758 2081 958 2126 succursum
983 2070 1085 2127 terrae

136 2164 290 2240 sanctae}
320 2180 385 2225 neo
409 2167 462 2225 est
483 2161 609 2243 aliquis
627 2161 719 2243 apud
736 2160 1086 2243 Constantinopolim,

137 2261 198 2341 qui
226 2263 362 2324 crucem
385 2260 545 2340 accipiat,
566 2261 651 2342 quin
673 2261 791 2324 statim
809 2261 967 2343 capiatur
992 2269 1028 2324 et
1049 2261 1085 2323 in

136 2377 309 2423 carcerem
321 2358 535 2423 detrudatur.
583 2356 663 2422 Hoc
678 2365 793 2421 autem
811 2348 917 2422 nobis'
924 2357 1086 2437 solatium

137 2465 200 2534 est,
232 2458 324 2541 quod
355 2476 465 2538 nuper
491 2455 599 2520 frater
622 2456 800 2520 Salaadini
825 2462 861 2519 et
890 2456 981 2521 filius
1009 2457 1085 2542 ejus

138 2564 220 2620 ante
233 2554 452 2620 Antiochiam
477 2555 572 2636 capti
594 2563 676 2620 sunt
698 2563 734 2620 et
759 2555 823 2620 sub
846 2555 947 2620 salva
969 2565 1086 2622 custo-

138 2656 196 2718 dia
212 2654 380 2738 deputati.
424 2646 594 2717 ²Valete.’

166 2823 281 2904 Quibus
297 2825 334 2888 da
351 2826 452 2891 occsa
469 2845 561 2889 comos
574 2825 756 2891 [lictardus
770 2829 954 2910 ofidelitoto
963 2831 1073 2915 patris

235 2973 238 2977 .
503 2924 554 2987 sai
570 2925 734 2988 serasera

188 3040 337 3113 Eodem³
369 3065 461 3110 anno
490 3054 569 3129 post
596 3046 800 3111 Paschalem
832 3046 1084 3111 solemnitatem
1098 3072 1224 3160 stampe

138 3148 191 3212 bis
222 3148 314 3210 inter
338 3164 439 3226 reges
466 3146 624 3210 habitum
658 3153 712 3209 est
738 3144 948 3228 colloquium
977 3165 1084 3227 prope
1096 3121 1246 3211 ἷΐὲῗιῖἶῗέιη

140 3244 538 3323 aestatem-nernaraa
565 3245 625 3308 seu
645 3245 689 3307 aa
711 3243 882 3320 ultimum,
902 3245 938 3307 ιι
956 3244 1083 3307 hebro·
1096 3220 1246 3309 llltiilld.

137 3344 240 3407 mada
269 3343 495 3407 Pentecostes
525 3344 648 3407 ibidem
680 3343 935 3419 convenientes
964 3350 1082 3425 postu·
1095 3319 1217 3359 'mm'

136 3442 224 3507 lavit
255 3461 318 3505 rex
354 3442 567 3505 Francorum
598 3439 754 3504 Alesiam
787 3459 938 3504 sororem
972 3461 1083 3517 suam,

137 3559 241 3622 quarn
266 3560 329 3605 rex
346 3538 487 3622 Angliae
512 3539 633 3603 habuit
652 3540 717 3603 sub
739 3539 898 3602 custodia
919 3558 995 3616 sua,
1020 3540 1081 3604 do-

139 3639 214 3701 nari
245 3639 422 3703 Richardo
454 3639 570 3702 comiti
606 3639 642 3701 in
670 3657 827 3714 uxorem,
859 3644 895 3701 et
932 3638 1082 3720 aliquam

137 3737 357 3801 securitatem
381 3738 447 3800 sibi
474 3736 548 3799 fieri
574 3737 617 3800 de
641 3757 749 3819 regno
765 3735 905 3817 Angliae
928 3745 1008 3818 post
1024 3737 1083 3800 de-

173 3917 312 3983 ¹Accedit.]
329 3920 407 3968 what
412 3918 512 3968 follows
523 3919 545 3966 is
556 3923 599 3966 not
660 3915 671 3944 ²
682 3917 790 3980 Valde]
806 3918 860 3966 'l'he
872 3918 946 3966 letter
957 3917 983 3964 in
994 3917 1085 3965 Diceto

136 3992 162 4038 in
185 3990 287 4050 Diceto,
305 3991 351 4038 but
368 4002 458 4050 agrees
475 3986 538 4036 with
556 3987 598 4035 the
624 3987 646 4036 is
654 3986 731 4034 dated
742 3986 818 4048 Tyre,
831 3990 861 4034 12
872 3986 926 4035 kal.
938 3985 997 4035 Oct.

136 4075 201 4120 copy
219 4059 248 4107 of
263 4059 305 4106 the
321 4059 394 4107 letter
410 4058 485 4119 given
502 4058 535 4118 by
548 4057 598 4106 Ba·
658 4053 854 4118 8Ιι“ιιι1ιιιιιιιιιιιιι.]
866 4053 1086 4115 Dicet0‚col.om;

135 4129 230 4190 tonius,
241 4129 274 4176 ad
286 4143 326 4176 an.
339 4131 402 4176 1187
413 4143 420 4187 ;
434 4125 446 4190 ξ
457 4130 481 4176 9.
625 4124 757 4181 lloveden,
768 4139 794 4184 p.
805 4128 868 4185 6525
890 4123 1022 4174 Benedict.
1032 4123 1086 4172 Ab·

624 4195 679 4255 bas,
689 4208 715 4254 p.
727 4195 784 4242 541.
