2820 4882
353 391 396 455 78
608 405 743 453 nocem
768 405 815 452 nn
838 403 1044 452 wnnoovnn

192 584 240 645 nn
258 585 314 625 nm
354 583 487 640 versuS,
510 572 557 641 et,
574 565 679 628 armis
696 564 854 647 arreptis,
878 563 1048 628 irruentes
1071 563 1106 626 in
1126 563 1306 628 maleficos

190 635 340 727 difflui
354 665 538 748 praedictos
571 685 616 729 ex
641 685 758 728 eorum
793 665 951 728 manibus
976 665 1174 747 episcopum
1203 685 1305 729 erue-

354 773 445 829 runt.
488 765 647 848 Denique
662 773 837 848 resumpto
852 766 988 842 itinere,
1004 764 1175 847 peregrini
1190 765 1304 829 Thes-

354 864 543 931 salonicam
576 872 794 930 transeuntes
826 873 861 929 et
887 885 1023 932 omnem
1047 865 1305 943 Macedoniam,

354 966 564 1030 continuatis
575 965 751 1030 laboribus
769 965 861 1048 apud
878 965 1083 1042 Rodestum,
1095 966 1213 1030 urbem
1230 986 1306 1029 ma-

354 1066 502 1130 ritimam
532 1085 637 1148 snper
660 1065 928 1148 Hellespontum
957 1067 1059 1129 sitam
1080 1065 1203 1130 itinere
1227 1067 1303 1130 die-

354 1186 429 1230 rum
444 1174 594 1250 quatuor
611 1167 796 1231 distantem
812 1186 834 1229 a
849 1165 1164 1249 Constantinopoli,
1178 1185 1302 1248 perve-

354 1275 498 1348 nerunt3
525 1267 584 1331 ubi
609 1267 716 1348 legati
739 1268 945 1350 principum,
962 1268 1021 1350 qui
1039 1274 1303 1349 praecesserant,

354 1367 471 1431 comiti
499 1375 717 1432 occurrentes
735 1373 942 1433 monuerunt
960 1368 1159 1446 instantius„
1174 1368 1303 1432 obnixe

354 1467 586 1544 cohortantes,
600 1476 651 1545 ut,
667 1469 816 1551 peractis
833 1468 924 1550 apud
940 1468 1183 1551 imperatorem
1194 1487 1304 1550 nego-

354 1568 424 1644 tiis,
454 1568 549 1650 ipsos
576 1567 740 1651 subsequi
777 1575 978 1633 maturaret.
1031 1566 1157 1632 Victus
1192 1568 1303 1650 igitur

353 1686 468 1732 comes
497 1676 568 1735 tam
600 1668 828 1751 imperialium
855 1687 960 1751 quam
987 1668 1179 1751 principum
1212 1669 1302 1751 peti-

353 1769 459 1847 tione,
476 1769 596 1835 relicto
620 1769 777 1833 exercitu
794 1771 859 1832 sub
879 1769 1037 1833 custodia
1060 1770 1301 1852 episcoporum

353 1876 389 1933 et
410 1870 562 1933 virorum
590 1869 754 1934 nobilium
781 1868 841 1951 qui
868 1870 904 1933 in
932 1871 1056 1934 castris
1082 1879 1193 1955 egent,
1224 1870 1302 1952 ipse

353 1989 430 2032 cum
453 1971 573 2052 paucis
599 1969 935 2052 Constantinopolim
956 1989 1144 2052 properans
1167 1969 1211 2034 ad
1233 1971 1300 2033 im-

351 2077 545 2151 peratorem
569 2071 746 2152 ingressus
768 2078 833 2147 est,
848 2089 870 2133 a
891 2090 961 2152 quo
982 2089 1061 2133 cum
1087 2071 1179 2134 omni
1202 2090 1300 2135 reve-

353 2171 464 2234 rentia
479 2177 660 2253 susceptus
677 2191 755 2235 cum
773 2171 884 2234 multa
898 2171 1067 2234 instantia
1082 2170 1300 2250 exhortatus,

330 2278 392 2334 -ut
414 2271 613 2353 imperatori
639 2271 815 2335 fidelitatis
837 2270 1086 2354 juramentum,
1110 2272 1300 2336 secundum

352 2369 497 2434 formam
528 2370 674 2435 aliorum
703 2372 895 2454 principum
922 2372 982 2455 qui
1011 2391 1089 2435 eum
1115 2391 1302 2454 praecesse·

351 2478 443 2546 rant,
463 2471 653 2548 exhiberet,
669 2473 812 2552 negavit
832 2471 956 2554 plane;
980 2472 1070 2535 unde
1096 2471 1299 2554 indignatus

352 2569 538 2652 imperator
582 2571 811 2635 insidiabatur
843 2571 894 2634 illi
931 2579 966 2636 et
1003 2572 1079 2655 ejus
1117 2574 1299 2652 exercitui,

351 2670 555 2753 praecipiens
583 2672 701 2754 itaque
730 2672 895 2735 militibus
921 2672 1005 2749 suiS,
1028 2681 1068 2736 ut
1098 2680 1240 2755 repente
1261 2675 1299 2738 in

351 2769 545 2852 legionibus
572 2772 707 2836 comitis
736 2773 906 2836 irruentes
934 2792 1044 2856 usque
1076 2771 1120 2836 ad
1151 2782 1299 2839 mortem

352 2873 512 2954 persequi
543 2879 816 2955 attemptarent3
853 2872 961 2954 igitur
987 2873 1204 2939 centuriones
1234 2875 1299 2939 im·

352 2972 522 3052 peratoris
547 2979 583 3036 et
599 2973 898 3055 quinquagenarii,
922 2973 1116 3055 agminibus
1141 2974 1299 3039 militari-

352 3071 417 3136 bus
450 3074 648 3156 praerogati,
677 3072 806 3137 domini
833 3072 1026 3155 jussionem
1057 3084 1300 3157 exsequentes,

351 3171 441 3236 clam
457 3180 492 3236 et
508 3174 550 3238 de
565 3182 666 3238 nocte
685 3174 721 3236 in
739 3173 873 3237 comitis
896 3175 1033 3238 irruunt
1048 3175 1297 3257 expeditiones,

352 3292 440 3355 quos
462 3292 532 3336 non
556 3274 781 3356 praemunitos
805 3273 1019 3338 invenientes
1045 3294 1090 3338 ex
1117 3276 1166 3338 eis
1190 3274 1298 3358 pluri-

351 3393 426 3436 mos
449 3382 677 3456 peremerunt.
730 3372 854 3438 Comes
869 3393 952 3438 vero
974 3374 1048 3438 haec
1071 3374 1213 3440 audiens
1236 3377 1300 3440 im-

350 3474 503 3555 peratori
517 3474 720 3556 proditionis
738 3474 865 3557 objecit
881 3474 1079 3555 infamiam3
1105 3476 1196 3541 unde
1213 3476 1295 3544 facti

351 3574 537 3654 poenitens
561 3574 814 3651 Boamundum,
839 3574 899 3656 qui
922 3574 1034 3638 adhuc
1065 3576 1102 3638 in
1134 3577 1297 3644 ulteriore

352 3675 456 3737 maris
492 3674 608 3739 littore
639 3695 717 3738 cum
748 3676 819 3739 suis
853 3675 1038 3752 residebat,
1071 3675 1115 3740 ad
1145 3696 1184 3741 se
1215 3676 1298 3744 facit

352 3774 502 3851 evocari,
520 3783 559 3839 ut
581 3796 643 3858 per
665 3775 740 3859 ejus
758 3782 793 3839 et
811 3774 1002 3858 principum
1026 3796 1165 3840 suorum
1189 3777 1296 3842 inter·

352 3881 494 3938 ventum
509 3875 644 3940 comitis
669 3876 734 3938 sibi
752 3876 902 3938 animum
918 3877 1139 3941 reconciliare
1162 3880 1295 3960 possit;

351 3973 411 4056 qui
435 3974 478 4037 ad
497 3975 573 4058 ejus
588 3977 805 4041 vocationem
822 3977 1011 4053 venienteS,
1028 3974 1127 4062 (licet
1150 3977 1297 4044 multum

350 4072 549 4156 displiceret
579 4078 670 4158 quod
704 4076 832 4142 factum
863 4073 1007 4162 iuerat)
1035 4097 1112 4141 cum
1142 4079 1298 4145 viderent

349 4174 440 4256 quod
473 4195 540 4238 non
573 4184 663 4241 esset
685 4176 827 4242 ultionis
854 4177 963 4256 locuS,
989 4198 1066 4242 cum
1094 4177 1138 4243 ad
1164 4180 1299 4264 majora
