2820 4882
383 404 522 452 rnoans
546 405 815 454 msroamnun.
1008 389 1073 453 223

123 561 392 626 Dunelmensem
425 563 636 646 episcopum,
671 563 715 627 ad
748 565 913 646 populum
947 563 1071 628 exhor·
1085 581 1207 622 suarm.

123 662 280 737 tandum,
302 663 375 745 qui,
405 671 503 726 stans
528 664 564 726 in
594 664 668 727 acie
690 665 803 727 media
829 665 865 728 in
890 664 966 729 loco
989 633 1228 728 emi-itiiissifhe

125 762 232 837 nenti,
250 782 334 825 usus
359 769 412 826 est
434 762 631 847 hujusmodi
653 764 845 844 incentivo3
871 758 1073 829 ¹‘Proceres

126 860 264 941 Angliae
288 862 481 938 clarissimi,
510 862 818 944 Normannigcnae,
840 872 962 928 contra
985 884 1072 947 quos

126 960 242 1024 audax
257 961 407 1024 Francia
423 953 667 1038 contremiscit,
682 962 782 1026 ferox
793 962 923 1046 Anglia
939 984 961 1028 a
975 965 1073 1028 vobis
1195 964 1203 981 ‘

126 1069 231 1142 capta
251 1062 456 1138 succumbit,
476 1061 574 1125 dives
592 1060 722 1144 Apulia
743 1082 806 1127 vos
824 1064 948 1127 sortita
970 1063 1073 1126 reflo-

126 1160 208 1236 ruit,
237 1159 457 1224 Hierusalem
486 1160 620 1224 famosa
648 1168 683 1224 et
712 1162 860 1244 insignis
887 1161 1074 1226 Antiochia

128 1268 276 1341 utraque
298 1280 337 1323 se
363 1261 462 1324 vobis
485 1259 678 1342 supposuit,
703 1280 794 1324 nunc
821 1261 948 1336 Scotia,
974 1261 1073 1325 vobis

127 1360 194 1423 rite
225 1359 394 1443 subjecta,
424 1360 590 1442 repellere
616 1368 774 1435 conatur,
798 1359 961 1425 inermem
987 1379 1074 1442 prae·

128 1458 240 1522 serens
272 1460 513 1536 temeritatem,
539 1460 654 1541 aptior
684 1461 770 1523 rixae
800 1480 904 1541 quarn
934 1480 1072 1542 pugnae.

10 1612 12 1620 ,
130 1558 258 1623 Nullus
285 1559 392 1640 igitur
416 1561 463 1624 sit
483 1559 625 1623 verendi
651 1559 759 1636 locus,
787 1561 848 1623 sed
871 1561 988 1642 potius
1013 1581 1074 1625 ve-

128 1660 310 1735 racundiae,
340 1659 432 1741 quod
455 1659 519 1736 illi,
545 1678 632 1741 quos
658 1678 794 1741 semper
815 1659 851 1722 in
874 1660 987 1742 patria
1010 1680 1075 1724 sua

128 1759 313 1841 petivimus
339 1765 374 1822 et
392 1759 548 1835 vicimus,
572 1778 663 1822 nunc
682 1760 718 1822 in
739 1761 884 1842 patriam
909 1767 1075 1838 nostram,

127 1859 198 1922 ritu
220 1865 431 1935 transverse,
455 1859 630 1923 dementes
658 1865 694 1922 et
720 1859 805 1922 ebrii
829 1859 1073 1938 convolarunt;

129 1959 222 2040 quod
258 1965 375 2022 tamen
410 1976 476 2039 ego
506 1959 634 2040 praesul
666 1959 764 2023 vobis
797 1958 915 2023 divina
944 1958 1074 2022 factum

130 2057 348 2140 providentia
377 2057 554 2134 denuntio,
582 2063 622 2120 ut
654 2057 699 2133 hi,
725 2058 844 2140 quiin
871 2059 935 2121 hac
961 2059 1077 2140 patria-

130 2158 259 2240 templa
281 2156 349 2220 Dei
374 2156 558 2231 violarunt,
590 2157 717 2221 altaria
741 2156 950 2240 polluerunt,
980 2177 1077 2240 pres-

128 2258 269 2340 byteros
284 2256 494 2333 occiderunt,
510 2274 574 2319 nec
592 2257 709 2338 pueris
731 2275 795 2321 nec
816 2258 1076 2340 praegnantibus

130 2363 369 2439 pepercerunt,
396 2357 433 2419 iu
464 2355 583 2419 eadem
609 2357 800 2436 condignas
834 2356 888 2419 sui
914 2356 1076 2422 facinoris

132 2457 231 2520 luant
254 2474 388 2537 poenas.
440 2453 603 2520 Attollite
630 2456 738 2536 igitur
761 2455 907 2532 animae,
926 2455 991 2518 viri
1009 2457 1075 2520 ele·

131 2563 275 2638 gantes3
296 2554 413 2618 hostes
433 2554 661 2637 nequissimos
683 2555 797 2637 patria
816 2556 958 2632 virtute,
972 2556 1076 2620 immo

133 2653 200 2719 Dei
233 2654 463 2737 praescientia,
492 2653 682 2735 confligite,
708 2654 768 2736 qui
797 2674 834 2718 se
856 2654 1015 2719 nesciunt
1040 2656 1077 2718 iu

131 2755 221 2818 bello
244 2754 383 2830 minari,
408 2773 472 2817 nec
498 2772 601 2818 casus
628 2753 709 2817 belli
733 2752 855 2818 dubios
882 2754 1075 2836 suspicetis.

131 2853 279 2936 Tegitur
300 2853 399 2917 vobis
424 2853 531 2918 lorica
553 2859 687 2934 pectus,
707 2853 809 2934 galea
831 2860 948 2937 caput,
968 2855 1077 2918 ocreis

132 2972 245 3030 crura,
267 2959 303 3016 et
323 2953 445 3036 clypeo
467 2959 579 3018 totum
601 2971 751 3035 corpus3
776 2953 835 3015 ubi
853 2952 954 3028 feriat
967 2952 1078 3016 hostis

134 3073 203 3116 non
218 3052 359 3134 reperit,
382 3070 484 3134 quem
509 3058 645 3134 septum
665 3052 770 3114 armis
788 3051 942 3133 undique
956 3053 1079 3116 cernit.

134 3152 229 3231 Quid
254 3150 361 3233 igitur
382 3151 530 3215 inermes
552 3150 719 3215 dubitatis
746 3158 782 3215 et
802 3151 959 3215 inertesl
1011 3150 1078 3214 Sed

130 3253 205 3336 jam
232 3251 333 3315 finem
360 3251 524 3333 loquendi
547 3235 728 3316 conferunt
747 3250 865 3314 hostes
885 3248 1080 3314 inordinate

134 3356 349 3434 proruentes,
362 3351 509 3432 dispersi
524 3350 749 3426 confluentes,
764 3350 856 3432 quod
874 3351 990 3414 animo
1004 3368 1081 3416 meo

134 3451 220 3515 satis
236 3450 363 3532 placet.
415 3449 452 3513 Si
474 3451 553 3532 quis
576 3450 724 3532 denique
746 3456 900 3513 vestrum
923 3471 987 3532 pro
1004 3451 1080 3514 Deo

134 3568 294 3633 pugnans
320 3556 355 3613 et
382 3549 496 3632 patria
527 3548 736 3624 occubuerit,
764 3548 976 3614 absolvimus
1003 3569 1080 3613 eum

135 3651 180 3714 ab
202 3649 297 3713 omni
322 3649 583 3731 poenapeccati
605 3649 640 3712 in
670 3648 808 3712 nomine
830 3649 959 3725 Patris,
981 3647 1081 3730 cujus

135 3754 314 3814 creaturas
350 3747 441 3812 foede
478 3755 514 3813 et
552 3748 763 3813 horribiliter
785 3752 1015 3830 peremerunt,
1044 3754 1081 3811 et

136 3849 230 3925 Filii,
245 3847 345 3931 cujus
362 3847 487 3911 altaria
504 3848 712 3931 polluerunt,
730 3853 765 3911 et
784 3846 934 3928 Spiritus
951 3846 1082 3923 Sancti,

137 3949 237 4033 cujus
253 3947 402 4029 gratiam
421 3948 586 4011 immania
611 3953 850 4030 perpetrantes
875 3953 910 4009 et
930 3945 1082 4009 enormia

169 4125 325 4187 ¹Procerea]
352 4123 407 4172 The
429 4125 521 4186 speech
539 4124 569 4173 of
587 4125 629 4172 the
651 4121 741 4182 bishop
765 4122 787 4170 is
804 4121 863 4170 here
880 4121 1004 4183 ahridgerl
1021 4121 1083 4169 from

136 4195 314 4257 Huutingdon‚
324 4209 351 4255 p.
360 4197 417 4242 388.
