2820 4882
370 413 510 462 rnonns
533 413 803 465 ursromnnun.
995 401 1062 466 335

110 565 283 657 quamque
311 574 412 637 famae
440 592 526 637 meae
556 583 592 638 et
621 583 746 639 vestrae
777 585 919 657 generet
948 577 1061 641 laesio·
1075 592 1130 632 an
1142 594 1198 632 nea

111 693 203 750 nem,
229 680 354 737 vestrae
382 672 486 737 credo
509 692 579 737 non
606 674 820 756 incognitum
845 643 1104 758 prudentiee;Le
1074 646 1195 782 orffit

111 773 252 836 videtur
277 772 362 835 mihi
386 772 503 848 etiam,
534 773 625 854 quod
652 793 709 836 me
735 775 835 856 qnasi
860 775 1061 840 derelictum
1175 753 1202 782 η’

111 871 297 955 projecerit
334 873 528 953 paternitas
560 879 689 948 vestra,
716 892 796 936 cum
830 874 875 936 ad
911 875 1060 955 ignomi-

110 971 179 1033 niae
201 989 286 1033 meae
311 976 538 1052 augmentum
564 969 817 1085 flagitiosum
806 991 843 1034 ιιι
858 992 929 1087 me
960 992 1059 1054 gras-

111 1168 365 1231 vehementiam
409 1175 565 1250 paterna
600 1169 823 1233 correctionis
857 1168 1058 1237 moderatio.

112 1266 278 1331 Vestram
298 1267 407 1348 igitur
425 1268 569 1331 obsecro
587 1269 790 1350 suppliciter
810 1276 847 1332 et
868 1269 1004 1353 adjuro,
1021 1280 1059 1335 ut

107 1366 245 1449 justum
268 1373 334 1442 est,
357 1365 608 1443 celsitudinem,
625 1374 677 1443 ut,
699 1386 801 1450 quem
826 1368 896 1432 filio
914 1369 1059 1447 dehetis,

114 1466 228 1546 operis
243 1464 456 1529 exhibitione
470 1466 670 1530 monstretis
686 1465 858 1543 affectum,
872 1475 909 1530 et
925 1468 1058 1532 illatam

114 1563 200 1627 mihi
216 1571 252 1627 et
265 1564 421 1646 personis
438 1563 523 1627 meis
535 1570 571 1626 et
585 1572 685 1628 terrae
701 1584 786 1628 meae
802 1566 963 1650 injuriam
979 1569 1058 1631 abs·

113 1681 182 1745 que
202 1662 397 1726 tardatione
420 1661 601 1725 emendare
618 1661 817 1744 dignemini,
839 1672 876 1728 et
897 1665 1056 1747 quicquid

112 1762 333 1825 adversarius
350 1779 448 1824 mens
463 1767 584 1825 contra
594 1761 685 1845 juris
700 1762 854 1826 ordinem
870 1773 991 1828 contra
1004 1786 1059 1830 mo

111 1868 148 1924 et
165 1855 333 1942 personne
356 1859 454 1940 regni
471 1859 548 1935 mei,
566 1857 709 1924 elericos
726 1869 765 1924 et
781 1860 900 1938 laicos,
920 1865 1057 1942 statuit,

110 1959 248 2023 irritum
271 1958 428 2021 habeatis
450 1966 485 2022 et
502 1977 670 2040 vacuum3
704 1960 931 2042 petitionibus
953 1964 1057 2040 enim,

109 2077 199 2140 quas
219 2056 421 2140 paternitati
436 2063 563 2121 vestre
581 2059 802 2141 porrigimus,
821 2079 1000 2125 assensum
1013 2062 1057 2126 de

104 2155 187 2240 jure
205 2157 360 2239 praebere
379 2155 556 2234 tenemini,
569 2159 721 2222 maxime
735 2178 814 2223 cum
834 2158 1057 2242 petitionibus

110 2256 250 2333 vestris,
268 2270 357 2338 quas
377 2254 461 2319 mihi
480 2256 592 2321 nuntii
610 2258 718 2322 vostri
732 2257 905 2323 Vivianns
925 2257 1057 2324 scilicet

109 2362 146 2418 et
157 2354 349 2418 Gratianus
359 2356 612 2438 proponebant,
624 2364 795 2438 quatenus
808 2375 902 2438 saepe
915 2355 990 2421 fato
1003 2353 1058 2421 ar·

110 2454 329 2536 ehiepiscopo
344 2452 589 2518 cantuariensi
604 2454 940 2537 archiepiscopatum
957 2476 1057 2520 suurn

110 2560 146 2616 et
165 2571 319 2617 amorem
336 2559 492 2616 nostrum
512 2553 743 2630 redderemus,
763 2573 838 2632 nos,
862 2557 1057 2638 postposito

111 2652 241 2715 honore
268 2659 400 2727 nostro,
421 2651 652 2715 concessimus
677 2671 794 2716 coram
817 2654 904 2736 ipsis
931 2655 1057 2736 legatis

109 2751 147 2814 e't
170 2757 251 2814 octo
273 2749 537 2832 archiepiscopis
558 2758 594 2814 et
616 2750 787 2834 episcopis
812 2760 848 2817 et
874 2755 1057 2818 abbatibus

112 2850 243 2926 multis,
262 2849 343 2912 licet
360 2848 420 2912 ille
434 2850 567 2932 absque
585 2851 797 2916 conscientia
812 2860 932 2916 nostra
950 2861 986 2917 et
998 2873 1057 2918 co-

111 2949 250 3012 actione
267 2947 383 3029 elique
397 2966 420 3011 a
434 2967 542 3029 regno
559 2949 696 3027 exierit,
714 2958 753 3013 ut
768 2951 855 3013 bene
872 2952 958 3016 etin
971 2971 1056 3033 pace

111 3046 251 3124 rediret,
265 3053 301 3110 et
315 3064 435 3110 omnes
450 3048 686 3129 possessiones
708 3067 791 3110 suas
808 3047 951 3113 haberet
965 3050 1056 3115 sicin

111 3146 233 3210 hahuit
254 3145 392 3226 qnando
408 3163 432 3208 a
447 3165 554 3227 regno
574 3147 695 3223 exivit,
715 3152 750 3209 et
764 3166 885 3210 omnes
902 3148 961 3229 qui
978 3167 1055 3211 curn

111 3265 152 3310 eo
170 3245 228 3309 vel
246 3262 309 3325 pro
325 3263 367 3308 eo
384 3244 556 3321 exierunt,
579 3246 686 3309 salvis
708 3246 935 3335 dignitatibus
958 3249 1056 3328 regni

110 3344 240 3423 nostri;
263 3343 483 3408 serenitatem
501 3343 610 3425 igitur
631 3351 783 3408 vestram
806 3346 933 3410 obnixe
954 3364 1056 3426 roga·

110 3463 199 3519 mus,
221 3449 394 3524 quatenus
420 3449 553 3507 attente
579 3442 803 3507 consideretis
829 3444 993 3508 honorem
1020 3452 1056 3508 et

110 3543 307 3617 utilitatem,
329 3558 434 3623 quam
455 3542 554 3606 vobis
575 3548 611 3605 et
631 3543 735 3606 curiae
757 3549 883 3606 vestrae
905 3543 1054 3606 contuli·

109 3659 185 3704 mus
203 3646 239 3702 et
257 3640 294 3702 in
310 3638 475 3715 futurum,
493 3640 559 3703 nisi
577 3660 640 3722 per
650 3660 718 3705 vvos
740 3642 887 3719 steterit,
903 3642 1054 3706 confere·

107 3759 198 3816 mus,
225 3745 261 3801 et
285 3738 335 3801 sic
356 3759 428 3802 rem
450 3738 539 3802 hanc
568 3739 618 3802 ita
647 3747 838 3822 temperare
861 3741 987 3818 velitis,
1011 3761 1054 3804 ne

108 3839 204 3902 illius
225 3837 347 3919 perfidi
368 3836 554 3919 proditoris
576 3839 686 3902 nostri
711 3840 893 3904 malitiosae
920 3840 1054 3903 blaudi-

108 3939 166 4001 tiee
202 3936 457 4018 simplicitatem
493 3943 646 4001 nostram
679 3938 960 4014 circumveniant,
992 3939 1051 4002 sed

102 4038 211 4121 juxta
236 4035 436 4117 petitionem
465 4043 619 4100 nostram
642 4055 714 4112 eos,
738 4038 796 4119 qui
819 4038 1054 4102 excommuni-

106 4137 175 4201 cati
192 4141 285 4210 sunt,
303 4135 505 4210 absolvatis,
523 4142 570 4212 et,
586 4155 628 4198 ne
645 4136 679 4198 in
698 4136 785 4200 alios
802 4157 971 4200 venenum
993 4157 1054 4201 ex·
