2820 4882
432 409 572 458 rnonns
597 410 867 460 nrsronruauu.
1055 398 1120 462 433

169 568 263 644 dam,
286 569 344 631 ubi
365 568 582 650 periclitatur
603 568 737 649 religio,
757 569 838 631 dum
862 577 954 633 terra
974 572 1119 652 promis·
1132 585 1255 625 buum·

168 669 277 731 sionis
302 669 394 731 omni
422 667 548 732 solatio
574 666 741 731 destituta
763 677 870 750 caput
896 689 965 732 non
995 670 1119 756 habeat

168 786 232 831 nec
258 774 439 840 rectorem,
472 786 534 830 neo
561 767 734 848 peregrini
763 769 899 831 venturi
930 768 1118 848 ductorem,

167 884 231 930 nec
247 865 398 948 populus
420 865 643 929 defensorem.
679 865 777 946 Rege
795 868 913 948 itaque
931 885 953 930 a
969 869 1117 933 vinculis

166 964 294 1041 soluto,
315 964 559 1028 confluxerunt
581 964 719 1027 adeum
738 964 838 1028 multi
854 967 1039 1048 peregrini,
1059 969 1118 1049 qui

166 1081 278 1145 nuper
304 1063 528 1140 advenerant,
554 1082 633 1126 cum
661 1063 789 1144 populo
817 1064 980 1145 regionis,
1000 1072 1035 1128 et
1059 1087 1116 1131 co·

166 1163 302 1243 piosum
335 1163 526 1226 exercitum
558 1161 792 1238 confecerunt,
821 1164 880 1245 qui
906 1163 1037 1245 Tyrum
1065 1165 1118 1226 in·

167 1261 263 1340 gredi
286 1261 405 1324 volens
430 1280 451 1325 a
481 1255 679 1323 ¹marchisio
705 1280 774 1324 non
800 1261 1009 1340 admittitur;
1035 1262 1117 1327 licet

165 1378 208 1421 eo
228 1368 332 1440 pacto
353 1361 475 1424 civitas
497 1360 529 1422 ei
551 1360 735 1423 commissa
751 1359 885 1438 suisset,
905 1368 944 1424 ut
967 1362 1040 1442 regi
1062 1383 1116 1426 re-

165 1459 297 1538 petenti
320 1468 355 1521 et
374 1459 472 1541 regni
493 1459 686 1522 haeredibus
710 1459 930 1539 redderetur3
953 1461 1014 1522 sed
1037 1469 1117 1544 post

164 1555 237 1618 dies
255 1576 396 1638 paucos,
412 1558 533 1622 eodem
554 1557 738 1622 marchisio
755 1558 929 1635 defuncto,
947 1559 1021 1622 haec
1036 1580 1114 1643 pes·

166 1656 210 1716 tis
233 1656 394 1722 cessavit.
435 1657 598 1722 Mortuus
619 1665 674 1721 est
693 1657 797 1721 etiam
820 1658 939 1722 eodem
962 1665 1115 1741 tempore

166 1753 394 1833 Reimundus,
412 1775 528 1820 comes
543 1756 793 1838 Tripolitanus,
807 1757 863 1820 oui
877 1758 1115 1839 imputabatur

164 1860 259 1917 totus
290 1856 429 1920 sinister
450 1861 594 1920 eventus
617 1862 719 1918 terrae
741 1856 988 1939 promissionis,
1012 1857 1113 1939 [quo]

164 1951 278 2015 minus
306 1953 513 2031 Christiane,
546 1960 585 2017 ut
614 1953 752 2030 dicitur,
781 1954 881 2036 quasi
909 1972 954 2017 ex
988 1955 1113 2018 mentis

163 2051 384 2128 alienatione,
406 2053 442 2114 in
465 2051 628 2116 extremis
650 2053 814 2117 viaticum
837 2070 907 2114 non
930 2046 1112 2134 ²percepit.

164 2149 210 2213 Et
242 2149 297 2213 his
326 2151 377 2213 ita
406 2151 525 2231 gestis,
557 2170 620 2214 rex
654 2169 731 2214 cum
758 2150 912 2214 exercitu
944 2152 1112 2215 baronum

162 2250 273 2331 regni,
294 2250 354 2331 qui
377 2250 442 2312 sibi
463 2250 691 2325 adhaeserant,
713 2251 855 2314 sociatis
878 2251 943 2313 sibi
965 2252 1111 2333 templa·

162 2349 224 2412 riis
243 2356 278 2413 et
296 2347 542 2430 hospitalariis,
566 2347 771 2412 Venetianis
788 2349 905 2426 etiam,
924 2350 983 2432 qui
1003 2369 1112 2433 nuper

162 2446 387 2522 advenerant,
399 2456 434 2511 et
445 2447 468 2510 J
471 2447 678 2511 anuensibus
695 2448 898 2530 peregrinis,
912 2449 979 2512 iter
991 2468 1112 2514 versus

164 2545 430 2624 Ptolomaidam,
459 2564 539 2629 quae
567 2546 636 2610 alio
663 2548 800 2610 nomine
822 2545 947 2612 Achon
975 2548 1112 2626 dicitur,

163 2647 337 2728 arripuit;
373 2647 473 2730 cujus
505 2646 611 2709 robur
636 2647 806 2710 veraciter
828 2654 1044 2711 numeratum
1067 2649 1111 2712 ad

102 2778 106 2785 ·
161 2763 283 2809 novem
311 2745 420 2808 millia
441 2750 652 2808 armatorum
675 2746 841 2809 excrevit.
885 2746 966 2809 Rex
994 2747 1112 2828 itaque

163 2841 515 2927 Hierosolymitanus,
527 2863 605 2907 cum
620 2843 874 2907 Ptolemaidem
887 2846 1111 2926 pervenisset,

162 2941 243 3006 fecit
263 2962 382 3006 omnes
402 2961 484 3006 suos
505 2944 541 3006 in
559 2941 682 3006 collem
703 2941 888 3005 ascendere
905 2943 1039 3007 civitati
1057 2945 1111 3008 vi·

161 3041 287 3118 einum,
314 3062 428 3124 quem,
450 3062 492 3107 eo
520 3042 613 3124 quod
639 3042 750 3105 instar
776 3040 882 3103 turris
908 3047 1042 3103 erectus
1064 3043 1111 3104 sit

160 3140 197 3202 in
218 3141 364 3205 sublime
385 3149 421 3206 et
443 3140 624 3218 rotundus,
645 3141 826 3204 Turonum
851 3138 997 3220 evulgo
1020 3159 1109 3202 nun·

163 3247 330 3322 cupatur3
364 3259 463 3305 mons
486 3247 601 3303 autem
625 3239 691 3302 iste
713 3257 735 3302 a
757 3246 855 3321 parte
879 3238 973 3301 urbis
996 3239 1109 3302 orien-

161 3338 224 3401 tali
248 3339 426 3420 consurgit
450 3338 586 3415 editior,
607 3339 698 3402 etin
721 3338 866 3401 circuitu
888 3337 992 3418 longe
1014 3330 1108 3420 8por-

159 3444 273 3500 rectus
288 3438 324 3500 in
339 3438 445 3520 plana
460 3436 672 3501 diffunditur.
708 3436 776 3499 Die
791 3436 898 3516 igitur
911 3436 1014 3500 tertio
1028 3446 1109 3519 post

159 3555 261 3599 suum
281 3537 467 3601 adventum
490 3529 610 3600 urbem
628 3534 818 3599 Christiani
842 3534 1011 3612 obsident,
1029 3556 1108 3619 quae

158 3643 281 3716 postea
308 3656 378 3700 non
400 3635 526 3700 defecit
553 3653 663 3718 usque
686 3635 729 3697 ad
752 3641 888 3715 tempus
910 3653 980 3717 quo
1005 3642 1109 3717 capta
1165 3676 1167 3681 =

158 3733 226 3798 fuit
246 3725 268 3799 a'
290 3736 429 3817 regibus
454 3735 668 3799 Francorum
689 3741 725 3797 et
742 3732 948 3814 Anglorum,
973 3732 1107 3815 Philip-

158 3853 204 3915 po
226 3842 261 3899 et
283 3834 472 3898 Richardo.
507 3833 605 3898 Adeo
623 3833 760 3916 quidem
782 3832 954 3914 peregrini
978 3832 1107 3913 simpli-

194 4036 386 4103 ¹llIorchisio.]
415 4040 460 4088 ‘A
485 4039 620 4089 marchisio
679 4037 830 4088 ⁸Porreetus
847 4038 874 4086 iu
892 4039 964 4100 plano
986 4037 1108 4102 affundi-

156 4124 206 4158 non
217 4105 398 4171 admittuntur:
412 4110 442 4158 C.
645 4109 707 4171 tua]
730 4109 899 4158 ‘Porrectum
918 4108 944 4156 in
961 4108 1038 4170 plana
1056 4107 1107 4158 dis.

191 4175 202 4208 ‘²
214 4179 349 4241 Percepit]
358 4181 366 4206 ‘
375 4173 500 4240 Pepereit‘
512 4179 539 4227 in
550 4179 607 4229 MS.
644 4173 738 4227 fundit’
749 4179 776 4227 in
788 4177 844 4226 MS.

208 4284 288 4331 von.
307 4285 346 4332 11.
898 4267 919 4331 2
937 4285 956 4330 r
