2820 4882
396 390 534 439 awaus
558 389 827 441 ursroaraatur.
1019 380 1083 449 241

131 548 280 613 millibus
307 549 464 632 equitum
491 550 713 614 loricatorum
737 559 773 614 et
794 551 838 614 de
861 561 962 615 tauta
982 555 1078 636 pedi-
1093 571 1215 611 sla-¹1⁴⁶.

131 656 203 711 tum
217 669 333 725 manu,
350 670 497 731 quorum
513 657 589 713 erat
602 651 702 731 quasi
725 671 887 714 numerus
910 653 1078 730 infinitus,

131 755 169 811 ut
196 748 258 811 vix
283 749 417 812 decima
447 768 528 831 pars
556 750 731 825 evaderet,
759 750 837 812 aliis
867 751 969 828 fame,
999 753 1078 816 aliis

130 847 258 928 gladio,
269 849 445 912 nonnullis
457 850 561 912 etiam
578 849 724 911 vinculis
738 851 955 931 mancipatis.
987 853 1076 916 Eva-

130 947 174 1010 sit
192 954 309 1011 tamen
324 949 513 1029 imperator
528 967 606 1010 cum
626 949 746 1029 paucis
766 950 980 1031 principibus
1003 953 1076 1015 suis

130 1053 163 1108 et
191 1065 270 1109 cum
297 1046 500 1110 difficultate
530 1047 636 1109 nimia
666 1047 824 1110 Nicaeam
855 1069 965 1130 usque
998 1071 1076 1132 per·

131 1146 224 1209 venit
253 1146 297 1208 ad
322 1147 454 1222 urbem,
479 1146 626 1227 indeque
643 1145 978 1229 Constantinopolim
995 1170 1076 1230 pro-

130 1243 239 1308 fectus
268 1246 316 1308 ihi
341 1265 451 1328 usque
476 1245 520 1309 ad
543 1247 720 1328 sequentis
742 1247 880 1309 initium
903 1250 993 1311 veris
1015 1269 1075 1330 pe·

132 1343 337 1410 rendinavit.

202 1520 293 1594 Quod
305 1519 565 1604 iamimperator
580 1542 676 1605 repom
689 1520 887 1586 Frammm
901 1531 930 1584 et
942 1520 1007 1603 cjm

407 1620 570 1683 exercitam
584 1620 794 1683 circumvenit.

180 1743 285 1807 Auno
307 1743 449 1807 Domini
476 1761 645 1808 ncxnvn.
667 1744 856 1826 imperator
884 1743 1209 1822 Conradus,au.1m.

132 1843 253 1926 hyeme
286 1852 495 1920 transversa,
525 1845 670 1907 navibus
698 1844 862 1908 devectus
895 1864 972 1906 cum
1003 1846 1076 1907 suis
1087 1817 1198 1907 ma

131 1951 270 2025 portum
293 1943 411 2025 attigit
436 1943 689 2020 Achonensem,
711 1952 747 2007 et
768 1944 847 2007 inde
870 1918 1214 2026 Hierosoly-'mm’

130 2062 223 2105 mam
240 2042 414 2124 profectus
437 2063 554 2123 aroge
572 2043 787 2118 Baldewino,
809 2043 901 2105 clero
922 2043 1075 2105 civitatis

131 2161 172 2205 ac
204 2142 347 2224 populo,
374 2162 452 2205 cum
482 2142 619 2224 hymnis
642 2149 679 2205 et
703 2142 844 2205 laudum
871 2141 1015 2204 canticis
1038 2142 1076 2204 in

129 2249 286 2304 sanctam
303 2241 502 2324 perducitur
514 2242 702 2306 civitatem.
740 2235 838 2318 ¹Quo
854 2241 975 2322 utique
989 2248 1075 2303 tem·

129 2361 212 2423 pore
236 2340 452 2416 Lodowicus‚
481 2361 545 2404 rex
575 2341 801 2416 Francorum,
834 2341 1076 2421 imperatorem

128 2447 280 2516 secutus,
302 2448 383 2523 post
404 2440 527 2521 longos
553 2440 619 2503 viae
641 2439 777 2503 labores
799 2440 842 2503 ad
866 2439 956 2502 vada
973 2439 1075 2503 Men·

129 2540 227 2603 andri
244 2547 323 2603 cum
340 2541 563 2622 septuaginta
577 2538 729 2602 millibus
746 2540 968 2602 loricatorum
985 2540 1075 2602 mili·

130 2647 215 2717 tum,
237 2648 366 2723 praeter
384 2640 528 2704 classem
552 2659 731 2720 quaecum
755 2640 975 2720 sequebatur,
1000 2659 1074 2720 per-

129 2740 246 2819 venit;
274 2740 346 2816 ubi,
376 2739 519 2803 Francis
542 2738 704 2803 accedere
727 2738 771 2801 ad
794 2757 904 2819 aquas
926 2739 1074 2804 volenti·

128 2841 204 2916 hus,
230 2859 276 2903 ex
305 2840 452 2903 adversa
477 2839 629 2902 fluminis
654 2839 729 2920 ripa
755 2838 872 2903 hostes
895 2839 1074 2902 inveniunt

129 2938 297 3014 infideleS,
313 2939 373 3020 qui
395 2957 495 3020 aquae
518 2957 618 3001 usum
641 2938 691 3002 eis
714 2946 749 3001 et
766 2939 950 3001 transitum
968 2938 1074 3001 inter-

130 3040 242 3103 dicere
275 3039 492 3119 satagebant,
523 3037 582 3100 sed
611 3036 710 3100 vadis
740 3037 875 3100 demum
911 3037 1073 3113 inventis,

128 3139 285 3203 hostibus
310 3137 429 3200 invitis
449 3143 485 3200 et
507 3136 662 3218 pluribus
684 3137 759 3200 neci
782 3135 918 3199 traditis
940 3154 982 3198 ac
997 3136 1073 3197 vin·

129 3239 215 3308 culis
248 3236 453 3319 quibusdam
484 3235 701 3318 mancipatis
738 3254 856 3299 omnes
887 3235 932 3297 in·
955 3234 1073 3317 fugam

130 3337 352 3419 compellunt,
368 3343 405 3400 et
426 3356 544 3400 eorum
562 3334 674 3417 spolia
695 3335 868 3416 rapientes
887 3333 969 3396 facti
991 3342 1073 3397 sunt

128 3438 168 3501 de
184 3436 330 3501 victoria
345 3435 503 3501 laetiores.
557 3433 643 3497 Inde
661 3433 869 3496 Laodiceam
892 3440 1072 3496 transeun-

128 3545 180 3602 tes
194 3541 344 3600 montem
361 3534 534 3615 quendam
560 3533 705 3596 arduum
728 3540 763 3595 et
786 3550 933 3594 ascensu
953 3530 1072 3594 diffici-

127 3636 192 3700 lem
219 3635 258 3698 ›in
285 3634 408 3698 itinere
435 3639 656 3714 repererunt;
689 3636 765 3694 erat
790 3638 905 3693 autem
928 3650 1072 3694 consue·

128 3736 210 3800 tudo
230 3734 454 3810 Francorum,
469 3739 508 3797 ut
523 3731 690 3814 quosdam
714 3730 757 3792 de
778 3729 969 3792 illustribus
988 3730 1072 3791 viris

24 3874 28 3882 ·
129 3836 358 3917 assignarent,
373 3834 433 3915 qui
452 3832 591 3913 agmina
608 3830 783 3912 praeirent,
798 3835 845 3904 et,
860 3828 920 3909 qui
938 3847 960 3890 a
974 3835 1072 3908 tergo

129 3940 364 4018 sequerentur,
388 3932 433 3996 ad
464 3930 657 3995 custodiam
682 3927 829 3990 imbellis
851 3925 972 4007 populi
997 3944 1072 3988 sar·.

128 4037 1070 4065 Μ

161 4113 232 4170 ¹an
253 4111 336 4174 atique
357 4103 491 4176 tempora]
514 4107 585 4158 Will.
610 4109 698 4155 events
708 4104 737 4152 of
750 4104 800 4151 this
817 4103 921 4164 chapter
937 4104 1018 4154 under
1030 4104 1073 4155 the

127 4189 184 4250 Tyr.
207 4198 234 4244 p.
256 4184 323 4240 9⁰⁵³
349 4179 408 4228 who
436 4179 523 4239 places
544 4177 587 4225 the
611 4178 756 4237 yearlldb.

167 4273 248 4321 VOL.
267 4271 306 4318 ll.
899 4264 922 4311 R
