2820 4882
165 949 243 989 Llieot

322 405 388 469 342
578 415 713 466 aonam
739 417 785 464 nn
808 416 1016 464 wannovaa

367 638 372 648 ⁵
388 652 438 715 De
447 650 570 736 puello,
587 672 652 735 quie
667 649 749 714 becio
767 650 900 714 tiodrico
917 648 952 711 iu
960 646 1212 733 perepriootiono

698 749 902 814 ministravit.

164 896 288 938 annuc
378 875 551 941 Godricus
580 877 712 959 itaque,
742 894 821 940 cum
848 875 923 959 jam
955 873 1138 938 navalibus
1172 871 1278 935 lucris

165 997 275 1039 smmi
328 977 476 1041 sedecim
500 996 669 1041 annorum
691 983 828 1057 tempus
853 974 1099 1055 compleverat,
1125 971 1280 1048 divitias,

328 1096 417 1160 quas
446 1076 564 1140 multis
596 1075 772 1139 laboribus
798 1080 1083 1157 congregaverat,
1113 1072 1150 1135 in
1181 1072 1282 1135 obse-

328 1178 420 1260 quiis
440 1175 567 1240 divinis
590 1174 784 1257 expendere
806 1175 1032 1257 disponebat3
1057 1172 1194 1254 signum
1212 1172 1281 1234 ita·

329 1294 397 1358 que
417 1275 564 1341 vivificae
588 1275 699 1339 crucis
725 1274 1005 1356 Hierosolymam
1027 1274 1198 1356 petiturus
1221 1289 1281 1333 ac·

330 1377 421 1458 cepit
463 1384 499 1440 et
540 1375 761 1439 Dominicum
800 1373 1020 1456 sepulchrum
1058 1371 1281 1436 devotissime

331 1475 499 1552 visitavit,
521 1482 556 1538 et
577 1474 657 1538 inde
680 1494 743 1556 per
770 1462 928 1538 sanctum
949 1473 972 1538 J
975 1474 1121 1537 acobum
1144 1472 1181 1536 iu
1205 1468 1281 1533 An·

331 1572 439 1657 gliam
458 1575 633 1638 remeavit.
687 1574 757 1653 Qui
779 1576 903 1639 iterum
926 1580 1007 1656 post
1029 1571 1169 1654 aliquod
1192 1578 1281 1634 tem·

330 1675 424 1756 poris
452 1675 605 1756 spatium
634 1674 693 1756 pia
722 1675 905 1738 devotione
932 1673 1217 1746 succendebatur,
1242 1677 1283 1733 ut

331 1774 568 1857 apostolorum
608 1774 729 1838 limina
771 1775 937 1850 visitaret,
985 1780 1020 1837 et
1065 1770 1282 1855 propositum

332 1894 432 1938 suum
455 1873 656 1956 parentibus
678 1874 865 1953 indicavit;
899 1881 1011 1939 mater
1031 1891 1114 1937 vero
1140 1890 1217 1935 curn
1244 1889 1283 1934 se

332 1973 465 2037 itineris
496 1974 656 2037 comitem
685 1974 837 2037 futuram
872 1980 1053 2050 assereret,
1087 1972 1117 2036 si
1149 1972 1283 2047 liceret,

334 2074 426 2138 tilius
462 2080 642 2155 gratanter
679 2075 814 2151 annuit,
847 2079 883 2136 et
916 2073 1074 2154 genitrici
1107 2071 1284 2135 humiliter

334 2175 527 2256 obsequens
558 2173 709 2237 humeris
735 2194 811 2238 eam
839 2174 1014 2256 portabat,
1037 2172 1198 2255 quotiens
1226 2189 1284 2234 as·

334 2274 464 2356 peritas
489 2273 523 2337 id
545 2273 679 2338 itineris
701 2274 874 2355 exigebat.
928 2272 1004 2336 Illis
1026 2281 1141 2337 autem
1163 2272 1286 2334 urbem

337 2365 629 2437 L'ondoniensium
674 2373 930 2456 praetergressis
973 2373 1119 2437 accessit
1167 2372 1285 2435 subito

335 2473 457 2537 mulier
484 2473 642 2555 quaedam
671 2473 789 2554 magni
811 2474 957 2551 decoris,
989 2481 1024 2537 et
1044 2472 1155 2557 'hujus
1184 2490 1285 2554 pere·

335 2572 540 2652 grinationis
568 2573 726 2637 comitem
754 2573 828 2637 lieri
858 2572 1033 2637 humiliter
1061 2572 1285 2654 supplicavit,

336 2672 428 2753 quod
449 2673 500 2735 illi
528 2673 690 2736 alacriter
719 2681 935 2753 annuerunt3
968 2679 1044 2736 erat
1069 2672 1206 2754 quidem
1235 2672 1287 2734 eis

336 2790 450 2836 comes
473 2770 651 2836 individua
682 2773 779 2837 etin
801 2793 919 2838 eorum
946 2768 1118 2855 obsequiis
1137 2771 1288 2852 diligens

337 2878 373 2934 et
391 2870 530 2949 devota,
552 2892 632 2934 nam
649 2871 755 2954 pedes
773 2893 890 2936 eorum
911 2873 1066 2949 lavabat,
1086 2871 1206 2936 oscula
1225 2891 1287 2953 pe-

337 2971 436 3034 dibus
464 2973 694 3053 imprimebat,
718 2979 753 3036 et
779 2973 856 3035 aliis
880 2973 1014 3036 cunctis
1040 2972 1288 3053 obsequentior

337 3071 540 3135 habebatur.
593 3071 651 3135 Ita
670 3091 733 3154 per
751 3080 861 3136 totum
881 3072 1003 3136 iterio
1022 3071 1135 3136 eundo
1154 3079 1190 3134 et
1207 3071 1287 3134 red-

338 3170 451 3234 eundo
484 3190 522 3234 se
551 3173 705 3251 gerebat,
741 3192 804 3236 nec
841 3173 884 3235 ab
922 3171 1039 3254 aliquo
1070 3172 1288 3253 interrogata

336 3271 403 3335 tuit
425 3289 502 3352 quae
525 3277 616 3334 esset
639 3270 695 3334 vel
717 3271 820 3348 unde,
848 3290 911 3334 nec
934 3272 995 3335 illa
1017 3271 1052 3335 id
1080 3272 1195 3353 ipsum
1222 3271 1289 3333 ali-

337 3370 477 3452 quando
492 3370 687 3450 indicabat3
711 3391 789 3434 cum
810 3378 927 3435 autem
948 3371 1177 3453 repatriantes
1192 3369 1288 3434 Lon·

337 3470 460 3533 donias
498 3470 837 3552 appropinquabant,
875 3472 1075 3553 impetravit
1109 3471 1288 3534 licentiam

338 3568 532 3645 recedendi,
556 3576 592 3632 et
619 3570 655 3632 in
682 3590 745 3634 suo
770 3589 908 3635 recessu
936 3571 1010 3635 baec
1036 3571 1144 3634 verbe
1171 3569 1286 3648 dixit3

337 3674 347 3702 ‘
360 3668 514 3751 Tempus
526 3676 627 3733 estut
643 3670 727 3733 illuc
740 3671 890 3747 redeam,
905 3670 997 3734 unde
1018 3689 1095 3734 sum
1111 3669 1287 3752 digressa3

338 3777 532 3839 vosautem
549 3768 739 3833 benedicite
757 3770 883 3847 Deum,
906 3772 966 3853 qui
988 3777 1168 3852 sperantes
1189 3770 1226 3833 in
1250 3788 1290 3833 se

339 3888 408 3931 non
420 3867 559 3944 deserit,
580 3869 727 3934 scientes
746 3871 909 3952 quoniam
926 3869 1010 3933 illud
1028 3871 1176 3947 eveniet,
1194 3869 1289 3950 quod

340 3968 462 4031 Romae
488 3969 532 4032 ab
559 3969 725 4050 apostolis
751 3970 979 4052 postulastis!
1032 3968 1136 4033 Hanc
1169 3977 1289 4034 autem

339 4067 516 4131 mulierem
539 4069 581 4131 de
603 4070 769 4134 comitatu
795 4091 896 4135 nemo
914 4070 1001 4134 vidit
1027 4069 1094 4132 nisi
1114 4068 1291 4134 Godricus

338 4172 373 4229 et
390 4176 500 4230 mater
517 4168 604 4250 ejus
