2820 4882
348 419 413 484 262
602 436 737 483 noennr
762 438 808 483 nn
832 434 1039 487 wunnoverr

188 611 339 710 ffinpgpih·
351 592 538 677 aliquando
554 601 671 658 autem
688 613 761 678 prae
776 593 905 657 doloris
925 593 1090 674 angustia
1104 600 1231 655 terram
1248 612 1303 655 co-

188 711 334 802 puffipot
352 694 546 770 medebam,
560 695 751 757 clamantes
768 701 804 757 et
817 693 1000 776 ejulantes,
1026 699 1037 728 ‘
1050 692 1174 770 Parce,
1185 712 1303 774 parce,

204 789 210 802 '
291 789 296 800 '
352 795 526 871 miserere,
548 795 732 871 miserere,'
751 813 827 856 cum
846 793 906 875 qui
925 793 980 856 sui
999 794 1220 857 misereretur
1241 812 1302 874 pe·

353 895 447 958 nitus
464 914 534 960 non
553 894 701 958 adesset.
753 893 940 956 Daemones
957 894 1064 957 ctiam
1080 912 1185 975 super
1201 893 1302 955 mise-

354 1014 411 1058 ros
434 1000 610 1058 currentes
633 994 797 1074 gravibus
820 1012 879 1056 eos
901 992 1020 1074 flagris
1043 993 1235 1068 caedebant,
1268 1001 1303 1056 et

354 1095 456 1157 militi
473 1093 646 1170 dicebant,
658 1099 667 1126 ‘
679 1093 769 1156 Haec
787 1100 972 1169 tormenta,
982 1112 1060 1175 quae
1070 1092 1180 1169 vides,
1195 1092 1303 1155 senti-

357 1194 446 1258 endo
461 1193 692 1276 patieriS,nisi
706 1193 805 1256 nobis
820 1192 1038 1274 adquiescas
1049 1199 1090 1256 ut
1105 1193 1148 1255 ad
1166 1199 1304 1273 portam

355 1314 417 1375 per
433 1312 537 1375 quam
551 1293 691 1356 intrasti
710 1292 906 1368 revertaris
924 1293 1089 1374 adquam
1106 1293 1137 1354 si
1149 1293 1302 1356 volueris

353 1393 499 1475 pacifice
515 1393 693 1456 deduceris
705 1391 724 1472 ς’
747 1391 808 1455 sed
823 1392 893 1468 ille,
909 1392 954 1456 ad
968 1398 1118 1456 mentem
1134 1411 1304 1455 revocans

357 1493 505 1574 qualiter
525 1494 639 1574 ipsum
664 1492 761 1556 Deus
785 1491 868 1555 alibi
893 1491 1066 1569 liberavit,
1092 1492 1231 1555 credere
1253 1492 1303 1556 eis

356 1593 496 1656 omnino
513 1592 731 1673 contempsit.
777 1592 876 1655 Tunc
893 1591 1066 1656 daemones
1081 1612 1159 1655 eum
1179 1593 1216 1655 in
1235 1599 1304 1656 ter·

356 1698 697 1774 ramprosternentes
707 1691 751 1754 ad
761 1691 900 1756 modum
911 1691 1055 1756 aliorum
1065 1691 1239 1773 configere
1250 1712 1305 1755 co-

357 1793 431 1856 nati
441 1799 537 1870 sunt3
554 1793 626 1869 sed,
639 1791 801 1856 invocato
811 1792 947 1856 nomine
958 1791 981 1855 J
984 1812 1045 1855 esu
1056 1792 1186 1856 Christi
1197 1794 1241 1856 ab
1251 1812 1306 1870 eo,
1333 1826 1336 1830 ‡

358 1891 443 1955 nihil
457 1892 605 1973 amplius
618 1892 654 1954 in
671 1891 748 1955 loco
765 1891 825 1955 illo
850 1891 882 1954 ei
899 1891 1012 1956 facere
1027 1899 1225 1974 potuerunt.
1259 1892 1302 1955 In

360 1993 464 2055 alium
484 2010 644 2074 campum
659 1991 803 2055 militem
818 1990 994 2055 trahentes
1011 1993 1196 2068 daemones,
1215 1992 1306 2056 hanc

357 2092 406 2155 ibi
425 2091 653 2155 differentiam
676 2091 870 2176 conspexit,
893 2091 986 2173 quod
1010 2092 1100 2155 sicut
1122 2092 1157 2154 in
1181 2111 1305 2174 campo

358 2191 527 2273 superiori
546 2190 701 2254 homines
728 2190 846 2254 afflicti
871 2198 1010 2256 ventres
1032 2190 1227 2256 habuerunt
1247 2192 1306 2256 de·

358 2310 475 2354 orsum
491 2310 623 2368 versos,
639 2291 691 2354 ita
705 2290 741 2352 in
760 2290 825 2355 hoc
845 2310 968 2373 campo
983 2291 1087 2355 dorsa
1102 2291 1177 2355 solo
1194 2291 1305 2356 haere·

358 2392 453 2454 bant.
506 2391 685 2455 Dracones
704 2397 821 2454 autem
835 2391 928 2472 ignei
944 2410 1049 2472 super
1065 2392 1235 2473 quosdam
1251 2412 1306 2456 se-

357 2491 491 2567 denteS,
506 2497 541 2554 et
557 2490 717 2554 dentibus
731 2509 790 2568 eos
815 2491 927 2571 igneis
947 2491 1177 2565 corrodentes,
1202 2493 1306 2557 modo

358 2591 545 2653 miserabili
560 2589 779 2671 affligebant3
798 2591 942 2654 aliorum
959 2610 1097 2674 quoque
1110 2592 1211 2670 colla,
1229 2593 1308 2656 bra·

359 2689 437 2752 chia
453 2697 488 2753 et
511 2708 656 2773 corpora
672 2697 849 2774 serpentes
872 2691 975 2772 igniti
997 2691 1307 2772 circumcingentes

360 2789 498 2853 aculeos
513 2790 582 2853 oris
597 2789 651 2852 sui
666 2790 786 2870 igneos
801 2809 918 2853 eorum
933 2790 1093 2854 cordibus
1104 2791 1305 2856 infixerunt.

360 2889 513 2952 Buiones
528 2890 633 2953 etiam
647 2889 743 2952 mirae
757 2889 1006 2971 magnitudinis
1022 2898 1056 2953 et
1067 2890 1232 2969 horroris,
1247 2912 1307 2956 su-

359 2975 421 3071 per
438 2989 654 3071 quorundam
669 2996 812 3070 pectora
829 2990 1078 3067 incumbentes,
1094 2989 1306 3056 deformibus

358 3090 482 3153 rostris
504 3090 576 3153 suis
598 3107 714 3152 eorum
740 3089 846 3152 corda
870 3088 1052 3153 extrahere
1067 3091 1307 3172 conabantur3

294 3200 296 3204 ’
360 3189 534 3253 daemones
555 3195 725 3271 practerea
748 3208 851 3271 super
871 3190 1027 3270 singulos
1048 3191 1256 3254 cursitantes
1273 3200 1310 3257 et

361 3288 480 3370 flagris
495 3289 693 3371 asperrimis
715 3288 886 3352 caedentes
903 3289 1045 3352 miseros
1060 3290 1215 3371 graviter
1229 3311 1308 3356 cru-

361 3389 511 3466 ciabant,
527 3408 590 3452 nec
605 3406 758 3470 unquam
773 3389 887 3452 afletu
902 3397 937 3453 et
951 3389 1082 3473 ejulatu
1100 3389 1219 3454 afflicti
1233 3411 1309 3456 ces-

361 3490 495 3553 sabant.
536 3488 623 3551 Inde
641 3487 817 3553 trahentes
836 3487 979 3552 militem
1000 3488 1173 3554 daemones
1189 3490 1226 3553 in
1243 3493 1309 3555 ali·

361 3608 420 3650 um
435 3588 606 3671 poenalem
626 3607 798 3669 campum,
814 3589 948 3653 invenit
963 3588 1011 3653 ibi
1028 3596 1164 3654 tantam
1178 3592 1310 3656 utrius·

299 3757 301 3761 ,
361 3707 428 3770 que
445 3708 550 3752 sexus
565 3695 600 3752 ct
616 3687 731 3752 aetatis
752 3687 899 3753 diversae
914 3688 1182 3766 multitudinem,
1200 3698 1240 3754 ut
1258 3700 1308 3757 to

361 3788 431 3851 tius
457 3789 550 3851 orbis
577 3787 826 3870 plenitudinem
848 3788 985 3852 vincere
1008 3790 1226 3870 crederetur3
1250 3793 1311 3856 alii

360 3888 409 3950 ibi
434 3888 630 3970 pendebant
653 3887 688 3949 in
713 3887 860 3951 flammis
894 3887 1089 3970 sulphureis
1111 3890 1224 3972 igneis
1249 3912 1310 3957 ca·

360 3987 450 4050 tenis
472 4008 534 4070 per
555 3987 660 4069 pedes
686 3994 721 4051 et
742 3987 858 4064 tibiae,
883 3989 1055 4070 capitibus
1086 3990 1128 4053 ad
1155 3989 1226 4054 ima
1249 3993 1309 4057 de-

360 4087 487 4164 missis,
505 4087 564 4150 alii
579 4107 641 4169 per
655 4106 777 4149 manus
795 4095 830 4150 et
845 4089 998 4166 brachia,
1015 4090 1074 4152 alii
1090 4109 1152 4170 per
1164 4091 1310 4173 capillos

360 4192 395 4257 et
422 4188 561 4268 capita;
599 4187 658 4250 alii
684 4186 880 4268 pendebant
903 4189 939 4253 in
965 4189 1110 4255 flammis
1135 4190 1248 4273 igneis
1274 4195 1310 4256 in
