2820 4882
295 484 300 494 ,
370 415 437 480 334
625 423 759 474 noorai
784 425 831 472 nn
855 422 1063 474 wuunovnn

211 606 267 645 nn.
279 606 333 646 noa
373 608 450 651 cum
467 586 728 668 archiepiscopo
743 586 860 667 aliqua
876 585 1008 648 ratione
1024 600 1244 664 componere,
1256 580 1325 642 nisi

210 655 322 744 &litha
372 687 480 751 salvis
506 686 573 750 sibi
599 685 910 750 consuetudinibus
932 683 1060 764 iniquis
1087 681 1185 763 regni
1207 680 1261 742 sui
1289 685 1326 741 et

210 755 338 794 ‘mmm'
372 785 612 867 dignitatibus,
630 783 722 866 quod
740 784 844 848 etiam
860 783 948 864 ipsis
963 782 1091 864 legatis
1108 779 1209 862 qnasi
1226 777 1326 841 nefas

373 885 566 951 videbatur.

449 1055 564 1119 Libra
581 1055 661 1140 repis
675 1053 810 1119 Hearici
823 1052 871 1116 cd
877 1073 1001 1138 popum
1013 1052 1242 1117 Alacaadrcm.

143 1256 148 1265 Ι
210 1185 339 1276 ᾗὴξοζῑὲξζυ
423 1179 555 1245 Eodem
575 1198 668 1243 anno
686 1177 897 1254 Gilebertus,
917 1176 1170 1242 Londoniensis
1188 1176 1326 1258 episco-

209 1286 319 1384 {iffgfil‘
372 1298 451 1361 pus,
470 1276 721 1355 transfretavit,
740 1295 842 1340 suam
864 1276 1003 1341 domino
1023 1295 1125 1359 papae
1146 1276 1323 1340 exhibitu·

371 1372 433 1440 rus'
453 1378 674 1460 praesentiam
696 1384 732 1440 et
754 1394 879 1439 causas
905 1375 1148 1458 appellationis
1167 1374 1326 1438 redditu-

371 1495 451 1556 rus3
475 1496 544 1557 quo
566 1475 727 1541 veniente
748 1473 793 1537 ad
816 1472 1147 1557 regemAnglorum
1169 1474 1207 1537 in
1230 1472 1325 1536 Nor-

371 1575 559 1652 manniam,
586 1581 737 1639 tractare
759 1581 941 1655 coeperunt
971 1573 1211 1649 communiter,
1237 1591 1322 1654 qno·

371 1675 474 1738 modo
491 1676 630 1743 beatum
644 1672 827 1749 Thomam‚
844 1672 1131 1752 Cantuariensem
1151 1670 1320 1753 archiepi-

370 1792 526 1856 scopum,
542 1772 623 1837 dolo
641 1771 930 1836 circumvenirent
945 1779 981 1835 et
998 1789 1139 1835 causam
1157 1769 1233 1853 ejus
1243 1769 1323 1853 jus-

369 1866 539 1937 tissimam
559 1873 597 1935 in
616 1877 805 1953 conspectu
826 1871 950 1934 summi
970 1870 1142 1954 pontilicis
1157 1869 1321 1950 denigra-

369 1980 458 2036 rent.
481 1970 638 2035 Tandem
646 1969 683 2033 in
694 1970 760 2033 hoc
770 1977 1032 2048 consenserunt,
1044 1977 1084 2032 ut
1093 1988 1158 2032 rex
1168 1968 1320 2032 Romam

371 2072 522 2134 mitteret
546 2062 707 2133 solennes
730 2070 869 2133 nuntios
885 2061 974 2133 'cum
1000 2068 1109 2134 literis
1136 2067 1258 2150 ipsius,
1284 2069 1321 2131 in

369 2169 495 2250 quibus
515 2186 679 2251 expresse
695 2167 835 2232 domino
853 2187 953 2251 pupae
967 2168 1199 2244 denuntiaret,
1212 2167 1322 2248 quod,

371 2268 437 2332 nisi
461 2269 658 2350 superbiam
681 2267 838 2344 Thomae,
861 2267 1121 2331 Cantuariensis
1147 2265 1321 2348 archiepi-

370 2368 480 2450 scopi,
499 2366 695 2432 severitatis
718 2365 806 2448 pede
831 2373 1036 2444 contereret,
1054 2367 1130 2448 ipse
1146 2371 1183 2429 et
1199 2383 1321 2429 omnes

371 2467 516 2530 barones
540 2465 679 2547 Angliae
702 2484 781 2528 cum
804 2465 886 2529 viris
909 2464 1153 2530 ecclesiasticis
1175 2465 1220 2528 ab
1243 2464 1321 2548 ejus

370 2565 566 2630 obedientia
602 2564 827 2644 recederent3
858 2564 1036 2628 literarum
1069 2571 1186 2628 antem
1217 2571 1320 2628 tenor

370 2663 426 2727 hic
442 2671 529 2740 erat,
540 2682 628 2745 quas
644 2663 782 2726 domiuo
798 2681 900 2745 papae
915 2662 1127 2742 transmisit3

208 2785 311 2826 cnara
419 2755 619 2839 ‘Vestrae,¹
649 2770 761 2844 pater,
795 2761 881 2825 satis
911 2762 1099 2827 innotescit
1127 2760 1321 2838 serenitati,

158 2927 160 2932 .
208 2837 337 2927 ilidii&
369 2869 501 2943 quanta
511 2881 565 2925 me
577 2869 613 2926 et
628 2869 755 2925 terram
766 2880 879 2924 meam
889 2861 1013 2942 affligit
1030 2859 1198 2937 molestia,
1210 2878 1323 2942 quau-

369 2962 415 3025 tis
427 2957 483 3025 me
498 2961 679 3025 vexaverit
694 2959 842 3044 injuriis,
858 2960 1013 3024 Thomas
1027 2961 1085 3024 ille
1099 2959 1321 3023 adversarius

368 3080 477 3136 meus,
495 3080 585 3138 cum,
603 3067 694 3124 teste
711 3060 934 3136 conscientia,
952 3059 1037 3123 nihil
1059 3059 1254 3135 meruerim,
1270 3059 1320 3122 nil

368 3161 532 3240 gesserim
551 3168 651 3224 tanta
668 3160 878 3224 contumelia
891 3159 1048 3240 dignum.
1080 3157 1185 3222 Nunc
1200 3164 1319 3221 antem

367 3258 554 3323 innumeris
583 3258 855 3341 praecedentibus
888 3276 1014 3322 novam
1041 3257 1168 3341 adjecit
1195 3257 1322 3341 injuri-

367 3378 436 3436 am,
452 3377 529 3421 cum
546 3357 699 3439 affligere
715 3376 785 3421 non
801 3356 927 3422 desinit
941 3358 1176 3435 innocentem3
1200 3364 1321 3420 vestre

367 3458 535 3540 siqnidem
559 3456 668 3520 fultus
701 3457 922 3533 auctoritate,
946 3464 987 3520 nt
1010 3456 1146 3530 asserit,
1172 3455 1320 3519 devotos

367 3565 403 3621 et
419 3556 537 3620 fideles
559 3554 714 3619 ecclesiae
737 3555 907 3619 Romanae
924 3555 1016 3620 filios
1042 3554 1318 3619 londoniensem

367 3664 403 3719 et
419 3654 711 3719 Saresberiensem
732 3655 924 3737 episcopos,
940 3675 1021 3720 cum
1040 3653 1247 3736 quibusdam
1268 3654 1321 3717 fa-

367 3756 557 3819 miliaribus
586 3755 684 3831 meis,
707 3754 941 3818 anathematis
970 3753 1143 3819 sententia
1170 3753 1319 3818 innoda-

367 3855 431 3932 vit,
465 3854 593 3917 nullam
621 3852 787 3917 adversus
817 3853 880 3917 hos
913 3853 1043 3917 habens
1078 3853 1318 3917 rationabilem

367 3972 519 4017 causam.
565 3951 646 4017 Hoc
663 3960 779 4017 autem
798 3972 901 4034 quam
920 3953 966 4016 sit
984 3953 1068 4015 mihi
1088 3951 1320 4029 intolerabile,

534 4161 541 4194 ¹
558 4158 678 4231 Vestra]
697 4165 820 4225 Compare
837 4179 896 4224 epp.
912 4162 958 4211 lib.
970 4162 1008 4211 iii.
1018 4146 1059 4222 ep.
1071 4161 1152 4210 xlviii.
