2820 4882
330 393 396 459 326
591 406 726 457 noenru
750 407 798 453 nn
821 404 1029 454 wnunovnn

171 585 292 625 norro.
332 584 395 629 nos
419 564 487 647 ipsi
510 563 545 626 id
573 576 642 627 non
669 563 860 644 poterimus
889 562 1017 625 diutius
1045 561 1083 624 in
1113 559 1286 642 patientia

171 638 282 724 {liiiio
332 664 524 742 sustinero;
549 682 612 726 nee
641 663 711 726 ista
738 683 802 745 pro
829 661 929 725 nobis
958 668 1128 742 quantum
1152 680 1217 742 pro
1243 680 1285 723 eo

172 735 300 777 ”mm
333 763 569 847 proponimus,
593 761 693 845 cnjus
714 762 862 843 gloriam
881 767 917 824 et
938 760 1103 824 honorem
1127 761 1212 825 totis
1234 761 1287 822 af-

333 863 480 926 fectibus
498 861 729 943 exoptamus!

334 1034 531 1119 Rescriptum
551 1032 685 1118 episeopi
701 1031 924 1097 Bononiensis
941 1029 1090 1097 &beent
1104 1031 1151 1097 ad
1161 1053 1287 1117 popam

497 1131 726 1219 Alabandum,
740 1131 834 1195 nimis
842 1139 1129 1216 premnptuoaom.

176 1262 322 1354 fflbgwgirsho'·
387 1249 632 1320 ‘Mandatum¹
649 1262 815 1330 vestrum,
834 1260 934 1336 pater
958 1255 994 1318 in
1020 1252 1160 1318 Christo
1180 1253 1288 1317 caris-

259 1342 265 1352 ’
336 1355 434 1431 sime,
451 1354 567 1418 debita
576 1353 799 1419 veneratione
814 1353 1054 1436 suscipientes,
1068 1353 1162 1417 iflico
1177 1353 1287 1417 filium

335 1460 489 1518 vestrum
511 1454 725 1517 carissimum
753 1452 921 1517 illustrem
947 1449 1141 1533 Anglorum
1169 1472 1288 1533 regem

337 1551 520 1629 adivimus,
551 1558 599 1628 et,
634 1552 798 1635 adjuncto
831 1551 931 1615 nobis
961 1551 1150 1615 venerabili
1179 1551 1288 1615 fratre

338 1657 458 1714 nostro
488 1651 534 1715 R.
559 1649 809 1715 Herefordensi
838 1649 1015 1732 episcopo,
1045 1649 1153 1733 juxta
1179 1651 1287 1714 vestri

338 1749 483 1814 formam
504 1749 658 1813 mandati
675 1749 859 1830 diligenter
875 1749 1119 1828 eonvenimus3
1142 1749 1199 1813 cui
1216 1750 1288 1813 sin·
1330 1801 1332 1805 .

338 1847 434 1929 gula,
444 1867 522 1929 quae
537 1849 663 1912 vestris
678 1849 778 1912 nobis
794 1866 962 1930 expressa
976 1855 1058 1912 sunt
1073 1847 1288 1926 literiS,ante

339 1947 458 2011 oculos
478 1954 659 2029 ponentes,
677 1946 791 2029 ipsum
811 1946 1038 2023 obsecrando,
1054 1953 1102 2023 et,
1117 1954 1289 2030 quantum

339 2044 471 2127 regiam
486 2047 631 2110 decebat
645 2045 874 2129 majestatem,
886 2045 1077 2127 arguendo,
1087 2052 1290 2111 constanter

339 2152 375 2209 et
399 2144 570 2209 instanter
595 2145 726 2209 hortati
748 2163 882 2220 sumus,
901 2151 942 2207 ut
965 2144 1031 2208 sibi
1056 2144 1290 2222 satisfaceret,

341 2249 389 2320 et,
400 2244 431 2307 si
445 2262 469 2306 a
483 2242 628 2307 rationis
643 2243 783 2308 tramite
799 2242 1013 2320 deviaverat,
1030 2243 1179 2308 adviam
1197 2245 1289 2308 veri-

339 2343 424 2406 tatis
446 2349 482 2406 et
500 2342 649 2426 justitiae
670 2342 781 2406 redire
795 2348 916 2406 nostra
935 2361 999 2423 per
1019 2360 1083 2405 nos
1105 2351 1290 2408 revocatus

340 2440 575 2505 admonitione
590 2461 660 2505 non
676 2440 841 2517 tardaret,
858 2448 893 2506 et
909 2447 950 2503 ut
971 2459 993 2503 a
1009 2447 1108 2522 patre
1121 2441 1178 2522 pie
1194 2461 1290 2506 com·

339 2539 491 2603 monitus
500 2559 522 2602 a
535 2540 652 2622 pravis
667 2540 801 2604 actibus
817 2539 957 2604 omnino
973 2539 1165 2618 desisteret,
1175 2540 1290 2604 Deum

340 2656 427 2720 puro
449 2638 553 2701 corde
566 2638 737 2720 diligeret,
756 2647 903 2702 matrem
919 2657 1018 2702 suam
1039 2645 1196 2703 sanctam
1216 2638 1292 2704 Ro-

341 2754 478 2798 manam
506 2737 687 2801 ecclesiam
720 2737 824 2802 solita
845 2737 1065 2801 veneratione
1091 2738 1291 2820 respiceret,

341 2853 405 2897 nee
443 2853 519 2897 eam
556 2835 699 2900 visitare
732 2836 888 2911 volentes
920 2835 1102 2914 inhiberet,
1133 2836 1291 2918 appella·

342 2933 456 2996 tiones
477 2935 522 2996 ad
546 2953 623 2997 eam
644 2935 758 2998 factas
778 2954 848 2999 non
871 2935 1065 3017 impediret,
1090 2940 1126 2998 et
1151 2943 1292 3017 patrem

343 3039 500 3096 nostrum
537 3033 713 3097 dominum
748 3032 1033 3097 cantuariensem
1060 3032 1292 3116 archiepisco·

342 3151 424 3212 pum
441 3131 588 3212 benigne
601 3151 770 3196 revocans
790 3139 826 3196 et
846 3132 1012 3196 reducens
1031 3132 1068 3197 in
1085 3132 1292 3200 beati.·Petri

343 3236 378 3294 et
393 3237 512 3294 vestra
534 3231 729 3295 reverentia
750 3231 868 3294 firmus
889 3231 1141 3312 immobilisque
1162 3233 1292 3313 persis·

344 3334 445 3405 teret,
467 3336 503 3392 et
525 3327 667 3410 pietatis
688 3330 870 3395 intendens
891 3331 1053 3411 operibus
1073 3329 1238 3395 eeclesias
1256 3338 1291 3396 et

344 3426 597 3490 ecclesiasticas
615 3447 783 3509 personas
799 3448 868 3492 non
882 3437 1058 3510 gravaret,
1081 3447 1144 3492 neo
1166 3448 1229 3512 per
1253 3450 1292 3494 se

344 3543 407 3588 nee
430 3545 492 3607 per
516 3526 622 3588 alium
651 3527 791 3608 gravari
817 3529 1042 3609 permitteret,
1064 3534 1104 3591 ut
1127 3527 1205 3604 Ille,
1227 3548 1292 3610 per

343 3642 444 3704 quem
459 3643 558 3705 reges
572 3632 732 3705 regnant,
750 3627 939 3708 temporale
959 3627 1025 3690 sibi
1044 3645 1189 3708 regnum
1206 3646 1291 3691 oon·

342 3730 498 3786 servaret
522 3724 558 3786 in
587 3725 688 3787 terris
711 3731 747 3788 et
771 3731 939 3788 aeternum
957 3725 1023 3789 sibi
1046 3725 1232 3808 largiretur
1254 3728 1296 3810 in

343 3821 463 3901 eaelis3
495 3821 661 3903 alioquin,
690 3823 720 3885 si
750 3823 890 3887 monitis
913 3825 1109 3888 salubribus
1131 3844 1201 3889 non
1229 3826 1292 3889 ad-

375 4063 537 4182 ἑὲθῗαηάαιιηι
546 4070 674 4134 uestrum]
691 4069 817 4133 Compare
827 4071 897 4121 libi.
910 4087 951 4134 ep.
963 4072 1070 4122 xxxviii.
1082 4072 1146 4122 with
1157 4073 1294 4138 Heredem

340 4151 366 4195 p.
425 4170 432 4185 .
