2820 4882
348 387 414 450 410
599 397 735 446 uocum
759 399 807 444 nn
830 397 1036 446 wnunovnn

187 574 241 614 an.
253 578 308 616 nu.
348 575 482 620 marcas
503 556 579 619 auri
599 556 787 620 liberaliter
804 556 1010 636 assignavit,
1030 563 1065 620 et
1088 555 1191 620 sicin
1208 555 1302 619 Nor-

340 658 522 720 manniam
554 655 801 721 transfretavit.
861 655 997 734 Quibus
1029 656 1148 738 utique
1177 656 1300 719 diebus

343 757 417 820 dux
440 756 617 820 Saxonum
639 755 817 819 Henricus
838 762 874 820 et
894 775 1000 837 gener
1021 755 1114 838 regis
1127 757 1172 820 ab
1193 757 1300 837 impe

344 863 460 920 ratore
484 857 520 919 in
548 855 691 920 exilium
717 855 839 937 pulsus
861 855 898 918 in
926 855 961 919 N
963 857 1179 921 ormanniam
1201 857 1299 920 venit

345 956 388 1019 ad
410 975 540 1036 regem,
562 955 690 1019 ducens
710 974 827 1038 secum
849 954 1021 1040 ducissam
1041 962 1077 1019 et
1097 955 1184 1019 duos
1207 955 1297 1018 filios

343 1056 432 1139 ejus,
457 1054 649 1118 Henricum
671 1061 707 1118 et
733 1054 926 1133 Othonem3
956 1063 992 1118 et
1013 1074 1075 1136 per
1097 1061 1168 1119 tres
1186 1073 1296 1120 annos

343 1155 518 1219 exhibitus
547 1160 601 1218 est
627 1174 650 1218 a
675 1154 785 1235 regali
813 1154 1049 1219 munificentia
1075 1153 1112 1217 in
1136 1156 1296 1219 omnibus

263 1244 265 1247 ⁵
342 1256 425 1320 vitae
447 1254 649 1319 necessariis
670 1254 896 1320 abundanter.
937 1254 1068 1318 Eodem
1090 1274 1181 1319 anno
1195 1255 1296 1319 Wal-

342 1363 436 1419 terns
464 1355 507 1418 de
531 1354 758 1431 Constantiis,
783 1353 1046 1419 archidiaconus
1069 1354 1294 1429 Oxoniensis,

339 1461 563 1519 consecratus
593 1461 647 1518 est
679 1454 862 1536 episcopus
896 1453 1148 1519 Lincolniensis
1175 1472 1198 1516 a
1228 1453 1293 1518 Ri-

340 1553 481 1632 chardo,
513 1553 756 1617 Cantuariensi
783 1554 1054 1637 archiepiscopo,
1079 1553 1293 1634 Andegavis,

333 1654 374 1716 in
389 1654 536 1719 ecclesia
547 1654 660 1717 sancti
675 1652 798 1717 Laudi.
838 1654 968 1718 Eodem
986 1674 1078 1719 anno
1092 1656 1179 1719 obiit
1193 1654 1293 1718 Wal-

339 1763 446 1831 terus,
462 1753 637 1818 Roffensis
655 1754 852 1836 episcopua.

386 1953 436 2016 De
449 1960 543 2016 morte
558 1951 698 2016 Simonis
711 1950 832 2017 obbatis
846 1961 874 2017 et
887 1953 1067 2018 successione
1085 1955 1233 2020 Gtmriai.

174 2095 297 2184 θυμω.
387 2077 492 2142 Anno
520 2078 662 2151 Domini
689 2093 921 2154 Mcuxxxru,
948 2078 1111 2143 defuncto
1137 2080 1290 2158 Simone,

173 2147 323 2266 srssiifa‘ugot
337 2178 462 2242 abbate
479 2178 521 2241 de
536 2185 658 2242 sancto
672 2176 825 2254 Albano,
841 2171 1036 2267 ¹Warinus,
1054 2178 1209 2262 ejusdem
1231 2201 1288 2244 ec-

173 2247 449 2343 or⁸'A¹¹'²²¹¹⁸'·clesiac
472 2279 578 2361 prior,
601 2278 779 2356 successit,
807 2284 843 2341 et
867 2278 981 2341 indie
1005 2280 1200 2345 nativitatis
1222 2282 1290 2346 Dei

333 2379 511 2459 genitricis
528 2377 663 2442 abbatis
678 2377 952 2442 benedictionem
968 2380 1131 2462 suscepit.

531 2553 581 2616 De
595 2560 690 2616 morte
702 2550 846 2629 Heorta,
862 2551 941 2636 sepis
948 2550 1085 2636 juceaa's.

172 2696 321 2758 beatiorum
392 2675 495 2739 Circa
535 2676 608 2740 dies
651 2677 738 2742 istos
776 2697 841 2740 rex
873 2675 1048 2741 Henricus
1082 2677 1283 2759 diligentem

170 2747 303 2846 {filim
331 2795 472 2857 operam
506 2777 686 2858 impendit,
726 2783 766 2840 ut
803 2776 866 2840 filii
896 2777 985 2860 ejuS,
1018 2777 1208 2842 (laufridus
1238 2779 1281 2843 de

331 2875 513 2940 Britannia
541 2883 577 2940 et
603 2876 801 2941 Richardus
825 2876 868 2940 de
890 2876 1020 2941 ducatu
1042 2875 1282 2960 Aquitanniae,

329 2976 528 3058 homagium
559 2977 713 3041 facerent
745 2976 817 3040 filio
849 2996 914 3040 suo
944 2978 1173 3059 primogenito
1206 2980 1281 3060 regi

330 3075 498 3141 Henrico.
551 3076 655 3154 Quod
678 3076 815 3159 quidem
838 3083 939 3158 pater
955 3079 1068 3160 petiit,
1087 3077 1279 3142 Gaufridns

329 3177 372 3240 de
388 3178 556 3241 comitatu
575 3176 768 3241 Britannias
784 3184 965 3257 gratanter
982 3178 1189 3259 complevit3
1214 3177 1280 3243 Ri-

324 3277 476 3340 chardus
504 3283 599 3353 vero,
631 3296 711 3340 cum
742 3282 886 3358 rogatus
917 3295 939 3339 a
969 3285 1068 3359 patre
1099 3277 1134 3341 id
1163 3279 1279 3360 ipsum

326 3376 441 3441 facere
469 3376 656 3454 debuisset,
687 3376 740 3439 ira
778 3376 957 3440 incanduit
990 3377 1196 3456 vehementi,
1227 3379 1280 3442 in-

324 3496 516 3559 congruum
545 3495 621 3540 esse
651 3473 781 3553 dicens,
803 3496 881 3539 cum
899 3476 1019 3540 eodem
1045 3486 1145 3559 patre
1173 3486 1278 3543 etex

325 3577 445 3642 eadem
476 3583 586 3641 matre
618 3576 783 3640 ducerent
812 3577 992 3657 originem,
1024 3578 1066 3654 si,
1096 3585 1196 3660 patre
1224 3579 1278 3643 vi·

326 3685 440 3755 vente,
459 3677 601 3740 fratrem
624 3677 890 3759 primogenitum
913 3677 1032 3759 aliqua
1053 3677 1277 3761 subjectionis

326 3778 439 3858 specie
457 3777 667 3859 superiorem
685 3784 935 3858 agnoscerent3
967 3777 1040 3855 sed,
1064 3777 1155 3842 sicut
1176 3778 1277 3843 fratri

325 3877 557 3959 primogenito
573 3877 666 3940 bona
683 3876 851 3940 debentur
867 3884 1024 3959 paterna,
1049 3877 1099 3941 sic
1121 3878 1157 3940 in
1175 3878 1276 3942 bonis

324 3979 488 4041 maternis
507 3976 705 4040 Richardus
716 3976 969 4042 successionem
984 3977 1174 4060 legitimam
1191 3999 1276 4044 ven·

462 4197 622 4273 ¹Worz'uus.]
640 4203 687 4253 See
698 4203 739 4253 his
749 4203 793 4254 lile
806 4205 838 4268 by
851 4204 927 4254 Mart.
940 4205 1025 4269 luris,
1035 4222 1062 4269 p.
1071 4210 1112 4256 94.
