<?xml version="1.0" encoding="UTF-8"?>
<!DOCTYPE html PUBLIC "-//W3C//DTD XHTML 1.0 Transitional//EN"
    "http://www.w3.org/TR/xhtml1/DTD/xhtml1-transitional.dtd">
<html xmlns="http://www.w3.org/1999/xhtml" xml:lang="en" lang="en">
 <head>
  <title>
</title>
<meta http-equiv="Content-Type" content="text/html;charset=utf-8" />
  <meta name='ocr-system' content='tesseract 3.04.00' />
  <meta name='ocr-capabilities' content='ocr_page ocr_carea ocr_par ocr_line ocrx_word'/>
</head>
<body>
  <div class='ocr_page' id='page_1' title='image "./rogeridewendove01rogegoog_0246.png"; bbox 0 0 2820 4882; ppageno 0'>
   <div class='ocr_carea' id='block_1_1' title="bbox 399 410 1082 475">
    <p class='ocr_par' dir='ltr' id='par_1_1' title="bbox 399 410 1082 475">
     <span class='ocr_line' id='line_1_1' title="bbox 399 410 1082 475; baseline 0.004 -3"><span class='ocrx_word' id='word_1_1' title='bbox 399 424 539 472; x_wconf 78' lang='lat' dir='ltr'><strong>mouns</strong></span> <span class='ocrx_word' id='word_1_2' title='bbox 561 424 833 473; x_wconf 79' lang='lat' dir='ltr'><strong>nrsronmnuu.</strong></span> <span class='ocrx_word' id='word_1_3' title='bbox 1016 410 1082 475; x_wconf 80' lang='lat'><strong>235</strong></span> 
     </span>
    </p>
   </div>
   <div class='ocr_carea' id='block_1_2' title="bbox 130 577 1218 765">
    <p class='ocr_par' dir='ltr' id='par_1_2' title="bbox 130 577 1218 765">
     <span class='ocr_line' id='line_1_2' title="bbox 130 577 1218 665; baseline -0.003 -18"><span class='ocrx_word' id='word_1_4' title='bbox 130 583 296 665; x_wconf 81' lang='lat' dir='ltr'><strong>magister</strong></span> <span class='ocrx_word' id='word_1_5' title='bbox 308 577 535 658; x_wconf 89' lang='lat' dir='ltr'><strong>lWillelmus,</strong></span> <span class='ocrx_word' id='word_1_6' title='bbox 551 581 867 646; x_wconf 87' lang='lat' dir='ltr'><strong>Malmesberiensis</strong></span> <span class='ocrx_word' id='word_1_7' title='bbox 880 582 1082 660; x_wconf 89' lang='lat' dir='ltr'><strong>monachus,</strong></span> <span class='ocrx_word' id='word_1_8' title='bbox 1093 579 1149 645; x_wconf 66' lang='lat' dir='ltr'><strong>uu.</strong></span> <span class='ocrx_word' id='word_1_9' title='bbox 1161 605 1218 645; x_wconf 81' lang='lat'><strong>1142.</strong></span> 
     </span>
     <span class='ocr_line' id='line_1_3' title="bbox 131 681 749 765; baseline -0.005 -19"><span class='ocrx_word' id='word_1_10' title='bbox 131 681 325 765; x_wconf 81' lang='lat' dir='ltr'><strong>Anglorum</strong></span> <span class='ocrx_word' id='word_1_11' title='bbox 341 681 522 745; x_wconf 86' lang='lat' dir='ltr'>historiam</span> <span class='ocrx_word' id='word_1_12' title='bbox 537 681 749 746; x_wconf 85' lang='lat' dir='ltr'><strong>terminavit.</strong></span> 
     </span>
    </p>
   </div>
   <div class='ocr_carea' id='block_1_3' title="bbox 189 852 1033 940">
    <p class='ocr_par' dir='ltr' id='par_1_3' title="bbox 189 852 1033 940">
     <span class='ocr_line' id='line_1_4' title="bbox 189 852 1033 940; baseline 0.002 -23"><span class='ocrx_word' id='word_1_13' title='bbox 189 854 280 928; x_wconf 79' lang='lat' dir='ltr'><strong>Quod</strong></span> <span class='ocrx_word' id='word_1_14' title='bbox 293 875 347 918; x_wconf 75' lang='lat' dir='ltr'><strong>roc</strong></span> <span class='ocrx_word' id='word_1_15' title='bbox 364 853 681 940; x_wconf 57' lang='lat' dir='ltr'><strong>Stmduuusfruslrc</strong></span> <span class='ocrx_word' id='word_1_16' title='bbox 695 852 895 920; x_wconf 79' lang='lat' dir='ltr'><strong>Lioooloicm</strong></span> <span class='ocrx_word' id='word_1_17' title='bbox 911 853 1033 919; x_wconf 75' lang='lat' dir='ltr'><strong>obsedit.</strong></span> 
     </span>
    </p>
   </div>
   <div class='ocr_carea' id='block_1_4' title="bbox 111 977 1217 3541">
    <p class='ocr_par' dir='ltr' id='par_1_4' title="bbox 111 977 1217 3541">
     <span class='ocr_line' id='line_1_5' title="bbox 182 977 1217 1063; baseline -0.003 -20"><span class='ocrx_word' id='word_1_18' title='bbox 182 977 287 1044; x_wconf 90' lang='lat' dir='ltr'><strong>Anno</strong></span> <span class='ocrx_word' id='word_1_19' title='bbox 307 981 449 1045; x_wconf 87' lang='lat' dir='ltr'><strong>Domini</strong></span> <span class='ocrx_word' id='word_1_20' title='bbox 470 997 645 1057; x_wconf 70' lang='lat' dir='ltr'><strong>ucxmu„</strong></span> <span class='ocrx_word' id='word_1_21' title='bbox 664 979 827 1044; x_wconf 89' lang='lat' dir='ltr'><strong>defuncto</strong></span> <span class='ocrx_word' id='word_1_22' title='bbox 846 999 940 1063; x_wconf 84' lang='lat' dir='ltr'><strong>papa</strong></span> <span class='ocrx_word' id='word_1_23' title='bbox 962 981 1081 1059; x_wconf 86' lang='lat' dir='ltr'><strong>Lucio,</strong></span> <span class='ocrx_word' id='word_1_24' title='bbox 1093 1001 1149 1040; x_wconf 70' lang='lat' dir='ltr'><strong>un.</strong></span> <span class='ocrx_word' id='word_1_25' title='bbox 1161 1001 1217 1041; x_wconf 76' lang='lat' dir='ltr'><strong>nu.</strong></span> 
     </span>
     <span class='ocr_line' id='line_1_6' title="bbox 134 1073 1083 1160; baseline 0.002 -18"><span class='ocrx_word' id='word_1_26' title='bbox 134 1073 328 1160; x_wconf 87' lang='lat' dir='ltr'><strong>Eugenius²</strong></span> <span class='ocrx_word' id='word_1_27' title='bbox 345 1079 436 1143; x_wconf 90' lang='lat' dir='ltr'><strong>sedit</strong></span> <span class='ocrx_word' id='word_1_28' title='bbox 455 1079 491 1141; x_wconf 90' lang='lat' dir='ltr'><strong>in</strong></span> <span class='ocrx_word' id='word_1_29' title='bbox 510 1078 676 1142; x_wconf 85' lang='lat' dir='ltr'>cathedra</span> <span class='ocrx_word' id='word_1_30' title='bbox 695 1078 854 1143; x_wconf 85' lang='lat' dir='ltr'><strong>Romana</strong></span> <span class='ocrx_word' id='word_1_31' title='bbox 873 1081 973 1143; x_wconf 85' lang='lat' dir='ltr'><strong>annis</strong></span> <span class='ocrx_word' id='word_1_32' title='bbox 990 1088 1083 1158; x_wconf 91' lang='lat' dir='ltr'><strong>octo,</strong></span> 
     </span>
     <span class='ocr_line' id='line_1_7' title="bbox 111 1178 1186 1261; baseline -0.003 -21"><span class='ocrx_word' id='word_1_33' title='bbox 111 1197 112 1201; x_wconf 48' lang='lat'>¹</span> <span class='ocrx_word' id='word_1_34' title='bbox 133 1180 307 1243; x_wconf 88' lang='lat' dir='ltr'><strong>mensibus</strong></span> <span class='ocrx_word' id='word_1_35' title='bbox 327 1185 478 1261; x_wconf 85' lang='lat' dir='ltr'><strong>quatuor</strong></span> <span class='ocrx_word' id='word_1_36' title='bbox 493 1186 529 1242; x_wconf 89' lang='lat' dir='ltr'><strong>et</strong></span> <span class='ocrx_word' id='word_1_37' title='bbox 544 1178 664 1242; x_wconf 89' lang='lat' dir='ltr'><strong>diebus</strong></span> <span class='ocrx_word' id='word_1_38' title='bbox 681 1179 806 1259; x_wconf 81' lang='lat' dir='ltr'><strong>viginti</strong></span> <span class='ocrx_word' id='word_1_39' title='bbox 823 1198 903 1243; x_wconf 88' lang='lat' dir='ltr'><strong>uno.</strong></span> <span class='ocrx_word' id='word_1_40' title='bbox 953 1180 1081 1243; x_wconf 89' lang='lat' dir='ltr'><strong>Eodem</strong></span> <span class='ocrx_word' id='word_1_41' title='bbox 1093 1197 1186 1246; x_wconf 64' lang='lat' dir='ltr'><strong>sreeor</strong></span> 
     </span>
     <span class='ocr_line' id='line_1_8' title="bbox 135 1248 1189 1360; baseline 0.003 -20"><span class='ocrx_word' id='word_1_42' title='bbox 135 1296 227 1341; x_wconf 91' lang='lat' dir='ltr'><strong>anno</strong></span> <span class='ocrx_word' id='word_1_43' title='bbox 249 1298 312 1342; x_wconf 87' lang='lat' dir='ltr'><strong>rex</strong></span> <span class='ocrx_word' id='word_1_44' title='bbox 329 1277 525 1359; x_wconf 83' lang='lat' dir='ltr'><strong>Anglorum</strong></span> <span class='ocrx_word' id='word_1_45' title='bbox 547 1271 762 1360; x_wconf 84' lang='lat' dir='ltr'><strong>³Stephanus</strong></span> <span class='ocrx_word' id='word_1_46' title='bbox 786 1277 1001 1342; x_wconf 85' lang='lat' dir='ltr'><strong>Lincolniam</strong></span> <span class='ocrx_word' id='word_1_47' title='bbox 1024 1248 1189 1343; x_wconf 56' lang='lat' dir='ltr'><strong>ob-moeh‘</strong></span> 
     </span>
     <span class='ocr_line' id='line_1_9' title="bbox 135 1373 1084 1458; baseline 0.003 -18"><span class='ocrx_word' id='word_1_48' title='bbox 135 1377 238 1454; x_wconf 90' lang='lat' dir='ltr'><strong>sedit,</strong></span> <span class='ocrx_word' id='word_1_49' title='bbox 254 1385 382 1440; x_wconf 88' lang='lat' dir='ltr'><strong>etcum</strong></span> <span class='ocrx_word' id='word_1_50' title='bbox 397 1383 616 1441; x_wconf 81' lang='lat' dir='ltr'><strong>construeret</strong></span> <span class='ocrx_word' id='word_1_51' title='bbox 632 1377 855 1458; x_wconf 90' lang='lat' dir='ltr'><strong>municipium</strong></span> <span class='ocrx_word' id='word_1_52' title='bbox 873 1384 995 1442; x_wconf 88' lang='lat' dir='ltr'><strong>contra</strong></span> <span class='ocrx_word' id='word_1_53' title='bbox 1008 1373 1084 1443; x_wconf 81' lang='lat' dir='ltr'><strong>cas-</strong></span> 
     </span>
     <span class='ocr_line' id='line_1_10' title="bbox 136 1474 1085 1559; baseline 0 -19"><span class='ocrx_word' id='word_1_54' title='bbox 136 1476 268 1554; x_wconf 79' lang='lat' dir='ltr'><strong>tellum,</strong></span> <span class='ocrx_word' id='word_1_55' title='bbox 286 1475 391 1559; x_wconf 69' lang='lat' dir='ltr'><strong>‚quod</strong></span> <span class='ocrx_word' id='word_1_56' title='bbox 419 1477 561 1540; x_wconf 86' lang='lat' dir='ltr'><strong>tenebat</strong></span> <span class='ocrx_word' id='word_1_57' title='bbox 586 1495 702 1540; x_wconf 89' lang='lat' dir='ltr'><strong>comes</strong></span> <span class='ocrx_word' id='word_1_58' title='bbox 730 1474 925 1540; x_wconf 83' lang='lat' dir='ltr'><strong>Cestrensis</strong></span> <span class='ocrx_word' id='word_1_59' title='bbox 951 1477 1085 1540; x_wconf 86' lang='lat' dir='ltr'><strong>Ronul-</strong></span> 
     </span>
     <span class='ocr_line' id='line_1_11' title="bbox 134 1573 1083 1659; baseline 0.003 -22"><span class='ocrx_word' id='word_1_60' title='bbox 134 1575 236 1658; x_wconf 87' lang='lat' dir='ltr'><strong>phus,</strong></span> <span class='ocrx_word' id='word_1_61' title='bbox 254 1576 403 1658; x_wconf 83' lang='lat' dir='ltr'><strong>operarii</strong></span> <span class='ocrx_word' id='word_1_62' title='bbox 423 1575 499 1658; x_wconf 88' lang='lat' dir='ltr'><strong>ejus</strong></span> <span class='ocrx_word' id='word_1_63' title='bbox 521 1573 593 1638; x_wconf 84' lang='lat' dir='ltr'><strong>sere</strong></span> <span class='ocrx_word' id='word_1_64' title='bbox 615 1577 795 1656; x_wconf 84' lang='lat' dir='ltr'><strong>octoginta</strong></span> <span class='ocrx_word' id='word_1_65' title='bbox 810 1595 833 1638; x_wconf 88' lang='lat' dir='ltr'><strong>a</strong></span> <span class='ocrx_word' id='word_1_66' title='bbox 848 1577 974 1640; x_wconf 85' lang='lat' dir='ltr'><strong>comite</strong></span> <span class='ocrx_word' id='word_1_67' title='bbox 995 1596 1083 1659; x_wconf 84' lang='lat' dir='ltr'><strong>prae·</strong></span> 
     </span>
     <span class='ocr_line' id='line_1_12' title="bbox 135 1673 1081 1757; baseline 0.002 -20"><span class='ocrx_word' id='word_1_68' title='bbox 135 1674 208 1738; x_wconf 85' lang='lat' dir='ltr'><strong>fato</strong></span> <span class='ocrx_word' id='word_1_69' title='bbox 226 1675 398 1739; x_wconf 82' lang='lat' dir='ltr'><strong>interfecti</strong></span> <span class='ocrx_word' id='word_1_70' title='bbox 422 1681 517 1751; x_wconf 91' lang='lat' dir='ltr'><strong>sunt,</strong></span> <span class='ocrx_word' id='word_1_71' title='bbox 532 1680 568 1736; x_wconf 89' lang='lat' dir='ltr'><strong>et</strong></span> <span class='ocrx_word' id='word_1_72' title='bbox 583 1675 633 1737; x_wconf 87' lang='lat' dir='ltr'><strong>sic</strong></span> <span class='ocrx_word' id='word_1_73' title='bbox 656 1694 693 1737; x_wconf 89' lang='lat' dir='ltr'><strong>re</strong></span> <span class='ocrx_word' id='word_1_74' title='bbox 712 1673 914 1757; x_wconf 79' lang='lat' dir='ltr'><strong>imperfecta</strong></span> <span class='ocrx_word' id='word_1_75' title='bbox 928 1677 1081 1740; x_wconf 84' lang='lat' dir='ltr'><strong>recessit.</strong></span> 
     </span>
     <span class='ocr_line' id='line_1_13' title="bbox 136 1773 1081 1852; baseline 0 -15"><span class='ocrx_word' id='word_1_76' title='bbox 136 1773 267 1837; x_wconf 90' lang='lat' dir='ltr'><strong>Eodem</strong></span> <span class='ocrx_word' id='word_1_77' title='bbox 291 1793 381 1837; x_wconf 89' lang='lat' dir='ltr'><strong>anno</strong></span> <span class='ocrx_word' id='word_1_78' title='bbox 400 1773 576 1838; x_wconf 84' lang='lat' dir='ltr'><strong>Rohertus</strong></span> <span class='ocrx_word' id='word_1_79' title='bbox 604 1773 792 1851; x_wconf 87' lang='lat' dir='ltr'><strong>Marmiun,</strong></span> <span class='ocrx_word' id='word_1_80' title='bbox 808 1773 862 1836; x_wconf 88' lang='lat' dir='ltr'><strong>vir</strong></span> <span class='ocrx_word' id='word_1_81' title='bbox 885 1775 1081 1852; x_wconf 89' lang='lat' dir='ltr'><strong>bellicosus,</strong></span> 
     </span>
     <span class='ocr_line' id='line_1_14' title="bbox 135 1873 1081 1954; baseline 0 -18"><span class='ocrx_word' id='word_1_82' title='bbox 135 1874 196 1954; x_wconf 91' lang='lat' dir='ltr'><strong>qui</strong></span> <span class='ocrx_word' id='word_1_83' title='bbox 227 1873 414 1937; x_wconf 90' lang='lat' dir='ltr'><strong>monachos</strong></span> <span class='ocrx_word' id='word_1_84' title='bbox 445 1873 700 1936; x_wconf 84' lang='lat' dir='ltr'><strong>Coventrenses</strong></span> <span class='ocrx_word' id='word_1_85' title='bbox 725 1893 747 1937; x_wconf 89' lang='lat' dir='ltr'><strong>a</strong></span> <span class='ocrx_word' id='word_1_86' title='bbox 778 1892 842 1936; x_wconf 92' lang='lat' dir='ltr'><strong>suo</strong></span> <span class='ocrx_word' id='word_1_87' title='bbox 872 1874 1081 1937; x_wconf 79' lang='lat' dir='ltr'><strong>monasterio</strong></span> 
     </span>
     <span class='ocr_line' id='line_1_15' title="bbox 136 1971 1082 2054; baseline 0.001 -20"><span class='ocrx_word' id='word_1_88' title='bbox 136 1973 318 2054; x_wconf 81' lang='lat' dir='ltr'><strong>expulerat</strong></span> <span class='ocrx_word' id='word_1_89' title='bbox 341 1979 376 2035; x_wconf 87' lang='lat' dir='ltr'><strong>et</strong></span> <span class='ocrx_word' id='word_1_90' title='bbox 403 1971 615 2035; x_wconf 87' lang='lat' dir='ltr'><strong>deecclesia</strong></span> <span class='ocrx_word' id='word_1_91' title='bbox 645 1972 707 2034; x_wconf 88' lang='lat' dir='ltr'><strong>illa</strong></span> <span class='ocrx_word' id='word_1_92' title='bbox 732 1973 912 2036; x_wconf 88' lang='lat' dir='ltr'><strong>castellum</strong></span> <span class='ocrx_word' id='word_1_93' title='bbox 941 1972 1082 2050; x_wconf 85' lang='lat' dir='ltr'><strong>lecerat,</strong></span> 
     </span>
     <span class='ocr_line' id='line_1_16' title="bbox 135 2070 1081 2156; baseline 0.001 -23"><span class='ocrx_word' id='word_1_94' title='bbox 135 2071 216 2134; x_wconf 93' lang='lat' dir='ltr'><strong>dum</strong></span> <span class='ocrx_word' id='word_1_95' title='bbox 246 2079 368 2135; x_wconf 87' lang='lat' dir='ltr'><strong>contra</strong></span> <span class='ocrx_word' id='word_1_96' title='bbox 399 2071 517 2135; x_wconf 90' lang='lat' dir='ltr'><strong>hostes</strong></span> <span class='ocrx_word' id='word_1_97' title='bbox 543 2070 748 2156; x_wconf 79' lang='lat' dir='ltr'><strong>decertaret,</strong></span> <span class='ocrx_word' id='word_1_98' title='bbox 779 2072 870 2134; x_wconf 88' lang='lat' dir='ltr'><strong>inter</strong></span> <span class='ocrx_word' id='word_1_99' title='bbox 902 2070 1081 2153; x_wconf 75' lang='lat' dir='ltr'><strong>praedones</strong></span> 
     </span>
     <span class='ocr_line' id='line_1_17' title="bbox 135 2170 1081 2252; baseline 0.002 -20"><span class='ocrx_word' id='word_1_100' title='bbox 135 2189 217 2234; x_wconf 86' lang='lat' dir='ltr'><strong>suos</strong></span> <span class='ocrx_word' id='word_1_101' title='bbox 243 2177 323 2234; x_wconf 89' lang='lat' dir='ltr'><strong>ante</strong></span> <span class='ocrx_word' id='word_1_102' title='bbox 345 2171 459 2252; x_wconf 92' lang='lat' dir='ltr'><strong>ipsum</strong></span> <span class='ocrx_word' id='word_1_103' title='bbox 485 2171 732 2234; x_wconf 86' lang='lat' dir='ltr'><strong>monasterium</strong></span> <span class='ocrx_word' id='word_1_104' title='bbox 755 2170 850 2233; x_wconf 91' lang='lat' dir='ltr'><strong>solus</strong></span> <span class='ocrx_word' id='word_1_105' title='bbox 883 2178 1081 2252; x_wconf 86' lang='lat' dir='ltr'><strong>peremptus</strong></span> 
     </span>
     <span class='ocr_line' id='line_1_18' title="bbox 135 2269 1082 2352; baseline 0 -20"><span class='ocrx_word' id='word_1_106' title='bbox 135 2277 201 2346; x_wconf 89' lang='lat' dir='ltr'><strong>est,</strong></span> <span class='ocrx_word' id='word_1_107' title='bbox 216 2277 252 2332; x_wconf 88' lang='lat' dir='ltr'><strong>et</strong></span> <span class='ocrx_word' id='word_1_108' title='bbox 268 2270 587 2333; x_wconf 85' lang='lat' dir='ltr'><strong>excommunicatus</strong></span> <span class='ocrx_word' id='word_1_109' title='bbox 613 2277 723 2333; x_wconf 90' lang='lat' dir='ltr'><strong>morte</strong></span> <span class='ocrx_word' id='word_1_110' title='bbox 739 2269 937 2350; x_wconf 86' lang='lat' dir='ltr'><strong>depascitur</strong></span> <span class='ocrx_word' id='word_1_111' title='bbox 958 2270 1082 2352; x_wconf 90' lang='lat' dir='ltr'><strong>sempi-</strong></span> 
     </span>
     <span class='ocr_line' id='line_1_19' title="bbox 135 2367 1081 2448; baseline 0 -17"><span class='ocrx_word' id='word_1_112' title='bbox 135 2376 246 2432; x_wconf 85' lang='lat' dir='ltr'><strong>terna.</strong></span> <span class='ocrx_word' id='word_1_113' title='bbox 299 2369 429 2432; x_wconf 86' lang='lat' dir='ltr'><strong>Eodem</strong></span> <span class='ocrx_word' id='word_1_114' title='bbox 452 2388 535 2432; x_wconf 89' lang='lat' dir='ltr'><strong>vero</strong></span> <span class='ocrx_word' id='word_1_115' title='bbox 560 2375 715 2448; x_wconf 91' lang='lat' dir='ltr'><strong>tempore</strong></span> <span class='ocrx_word' id='word_1_116' title='bbox 737 2367 938 2446; x_wconf 72' lang='lat' dir='ltr'><strong>(laufridus,</strong></span> <span class='ocrx_word' id='word_1_117' title='bbox 960 2368 1081 2432; x_wconf 89' lang='lat' dir='ltr'><strong>consul</strong></span> 
     </span>
     <span class='ocr_line' id='line_1_20' title="bbox 137 2456 1081 2550; baseline 0.002 -20"><span class='ocrx_word' id='word_1_118' title='bbox 137 2467 179 2531; x_wconf 93' lang='lat' dir='ltr'><strong>de</strong></span> <span class='ocrx_word' id='word_1_119' title='bbox 209 2468 437 2544; x_wconf 86' lang='lat' dir='ltr'><strong>Mandevilla,</strong></span> <span class='ocrx_word' id='word_1_120' title='bbox 466 2467 526 2550; x_wconf 92' lang='lat' dir='ltr'><strong>qui</strong></span> <span class='ocrx_word' id='word_1_121' title='bbox 553 2456 644 2530; x_wconf 83' lang='lat' dir='ltr'><strong>idem</strong></span> <span class='ocrx_word' id='word_1_122' title='bbox 675 2467 787 2530; x_wconf 87' lang='lat' dir='ltr'><strong>scelus</strong></span> <span class='ocrx_word' id='word_1_123' title='bbox 819 2474 1019 2550; x_wconf 84' lang='lat' dir='ltr'><strong>patraverat</strong></span> <span class='ocrx_word' id='word_1_124' title='bbox 1045 2469 1081 2532; x_wconf 92' lang='lat' dir='ltr'><strong>in</strong></span> 
     </span>
     <span class='ocr_line' id='line_1_21' title="bbox 136 2566 1082 2649; baseline 0 -20"><span class='ocrx_word' id='word_1_125' title='bbox 136 2567 344 2630; x_wconf 87' lang='lat' dir='ltr'><strong>monasterio</strong></span> <span class='ocrx_word' id='word_1_126' title='bbox 360 2566 590 2643; x_wconf 88' lang='lat' dir='ltr'><strong>Ramesiensi,</strong></span> <span class='ocrx_word' id='word_1_127' title='bbox 608 2572 689 2630; x_wconf 86' lang='lat' dir='ltr'><strong>ante</strong></span> <span class='ocrx_word' id='word_1_128' title='bbox 711 2567 822 2649; x_wconf 85' lang='lat' dir='ltr'><strong>ipsam</strong></span> <span class='ocrx_word' id='word_1_129' title='bbox 837 2567 1018 2631; x_wconf 81' lang='lat' dir='ltr'><strong>ecclesium</strong></span> <span class='ocrx_word' id='word_1_130' title='bbox 1031 2567 1082 2629; x_wconf 91' lang='lat' dir='ltr'><strong>in-</strong></span> 
     </span>
     <span class='ocr_line' id='line_1_22' title="bbox 136 2665 1083 2747; baseline 0.002 -18"><span class='ocrx_word' id='word_1_131' title='bbox 136 2675 189 2729; x_wconf 87' lang='lat' dir='ltr'><strong>ter</strong></span> <span class='ocrx_word' id='word_1_132' title='bbox 211 2672 388 2730; x_wconf 83' lang='lat' dir='ltr'><strong>consertas</strong></span> <span class='ocrx_word' id='word_1_133' title='bbox 411 2685 553 2729; x_wconf 91' lang='lat' dir='ltr'><strong>suorum</strong></span> <span class='ocrx_word' id='word_1_134' title='bbox 577 2665 669 2728; x_wconf 89' lang='lat' dir='ltr'><strong>acies</strong></span> <span class='ocrx_word' id='word_1_135' title='bbox 699 2685 721 2729; x_wconf 86' lang='lat' dir='ltr'><strong>a</strong></span> <span class='ocrx_word' id='word_1_136' title='bbox 736 2665 851 2747; x_wconf 88' lang='lat' dir='ltr'><strong>pedite</strong></span> <span class='ocrx_word' id='word_1_137' title='bbox 868 2666 1017 2747; x_wconf 86' lang='lat' dir='ltr'><strong>quodam</strong></span> <span class='ocrx_word' id='word_1_138' title='bbox 1033 2667 1083 2731; x_wconf 91' lang='lat' dir='ltr'><strong>vi-</strong></span> 
     </span>
     <span class='ocr_line' id='line_1_23' title="bbox 135 2764 1081 2846; baseline -0.001 -18"><span class='ocrx_word' id='word_1_139' title='bbox 135 2765 267 2828; x_wconf 88' lang='lat' dir='ltr'><strong>lissimo</strong></span> <span class='ocrx_word' id='word_1_140' title='bbox 282 2764 376 2828; x_wconf 90' lang='lat' dir='ltr'><strong>solus</strong></span> <span class='ocrx_word' id='word_1_141' title='bbox 396 2764 527 2846; x_wconf 83' lang='lat' dir='ltr'><strong>sagitta</strong></span> <span class='ocrx_word' id='word_1_142' title='bbox 543 2783 726 2846; x_wconf 87' lang='lat' dir='ltr'><strong>percussus</strong></span> <span class='ocrx_word' id='word_1_143' title='bbox 743 2765 906 2829; x_wconf 90' lang='lat' dir='ltr'><strong>occubuit</strong></span> <span class='ocrx_word' id='word_1_144' title='bbox 924 2765 1081 2830; x_wconf 88' lang='lat' dir='ltr'><strong>interfec-</strong></span> 
     </span>
     <span class='ocr_line' id='line_1_24' title="bbox 136 2863 1082 2946; baseline -0.001 -18"><span class='ocrx_word' id='word_1_145' title='bbox 136 2872 215 2944; x_wconf 84' lang='lat' dir='ltr'><strong>tus3</strong></span> <span class='ocrx_word' id='word_1_146' title='bbox 238 2864 386 2928; x_wconf 86' lang='lat' dir='ltr'><strong>ecclesia</strong></span> <span class='ocrx_word' id='word_1_147' title='bbox 404 2871 521 2927; x_wconf 86' lang='lat' dir='ltr'><strong>autem</strong></span> <span class='ocrx_word' id='word_1_148' title='bbox 544 2863 615 2940; x_wconf 91' lang='lat' dir='ltr'><strong>illa,</strong></span> <span class='ocrx_word' id='word_1_149' title='bbox 633 2863 715 2926; x_wconf 90' lang='lat' dir='ltr'><strong>dum</strong></span> <span class='ocrx_word' id='word_1_150' title='bbox 738 2884 800 2946; x_wconf 87' lang='lat' dir='ltr'><strong>pro</strong></span> <span class='ocrx_word' id='word_1_151' title='bbox 824 2865 968 2929; x_wconf 82' lang='lat' dir='ltr'><strong>castello</strong></span> <span class='ocrx_word' id='word_1_152' title='bbox 989 2872 1082 2928; x_wconf 88' lang='lat' dir='ltr'><strong>tene-</strong></span> 
     </span>
     <span class='ocr_line' id='line_1_25' title="bbox 138 2963 1083 3045; baseline 0 -19"><span class='ocrx_word' id='word_1_153' title='bbox 138 2971 245 3040; x_wconf 88' lang='lat' dir='ltr'><strong>retur,</strong></span> <span class='ocrx_word' id='word_1_154' title='bbox 262 2982 284 3025; x_wconf 89' lang='lat' dir='ltr'><strong>a</strong></span> <span class='ocrx_word' id='word_1_155' title='bbox 300 2965 373 3026; x_wconf 89' lang='lat' dir='ltr'><strong>suis</strong></span> <span class='ocrx_word' id='word_1_156' title='bbox 397 2963 587 3045; x_wconf 86' lang='lat' dir='ltr'><strong>parietibus</strong></span> <span class='ocrx_word' id='word_1_157' title='bbox 606 2964 811 3044; x_wconf 81' lang='lat' dir='ltr'><strong>sanguinem</strong></span> <span class='ocrx_word' id='word_1_158' title='bbox 833 2964 980 3026; x_wconf 89' lang='lat' dir='ltr'><strong>ubertim</strong></span> <span class='ocrx_word' id='word_1_159' title='bbox 1003 2965 1083 3026; x_wconf 89' lang='lat' dir='ltr'><strong>emi-</strong></span> 
     </span>
     <span class='ocr_line' id='line_1_26' title="bbox 138 3062 1081 3144; baseline 0 -19"><span class='ocrx_word' id='word_1_160' title='bbox 138 3064 196 3139; x_wconf 88' lang='lat' dir='ltr'><strong>sit,</strong></span> <span class='ocrx_word' id='word_1_161' title='bbox 212 3062 486 3144; x_wconf 80' lang='lat' dir='ltr'><strong>indignationem</strong></span> <span class='ocrx_word' id='word_1_162' title='bbox 504 3062 657 3125; x_wconf 86' lang='lat' dir='ltr'><strong>divinam</strong></span> <span class='ocrx_word' id='word_1_163' title='bbox 681 3062 864 3125; x_wconf 83' lang='lat' dir='ltr'><strong>manifeste</strong></span> <span class='ocrx_word' id='word_1_164' title='bbox 889 3062 1081 3125; x_wconf 84' lang='lat' dir='ltr'><strong>declarans.</strong></span> 
     </span>
     <span class='ocr_line' id='line_1_27' title="bbox 136 3160 1085 3243; baseline 0 -19"><span class='ocrx_word' id='word_1_165' title='bbox 136 3160 307 3226; x_wconf 89' lang='lat' dir='ltr'><strong>Arnulfus</strong></span> <span class='ocrx_word' id='word_1_166' title='bbox 330 3162 447 3238; x_wconf 88' lang='lat' dir='ltr'><strong>etiam,</strong></span> <span class='ocrx_word' id='word_1_167' title='bbox 475 3160 628 3243; x_wconf 90' lang='lat' dir='ltr'><strong>ejusdem</strong></span> <span class='ocrx_word' id='word_1_168' title='bbox 648 3162 783 3225; x_wconf 85' lang='lat' dir='ltr'><strong>comitis</strong></span> <span class='ocrx_word' id='word_1_169' title='bbox 800 3161 904 3237; x_wconf 87' lang='lat' dir='ltr'><strong>filius,</strong></span> <span class='ocrx_word' id='word_1_170' title='bbox 923 3161 983 3243; x_wconf 92' lang='lat' dir='ltr'><strong>qui</strong></span> <span class='ocrx_word' id='word_1_171' title='bbox 1005 3169 1085 3243; x_wconf 87' lang='lat' dir='ltr'><strong>post</strong></span> 
     </span>
     <span class='ocr_line' id='line_1_28' title="bbox 138 3259 1084 3342; baseline 0.001 -20"><span class='ocrx_word' id='word_1_172' title='bbox 138 3268 284 3324; x_wconf 88' lang='lat' dir='ltr'><strong>mortem</strong></span> <span class='ocrx_word' id='word_1_173' title='bbox 301 3261 411 3342; x_wconf 89' lang='lat' dir='ltr'><strong>patris</strong></span> <span class='ocrx_word' id='word_1_174' title='bbox 427 3259 607 3323; x_wconf 89' lang='lat' dir='ltr'><strong>ecclesiam</strong></span> <span class='ocrx_word' id='word_1_175' title='bbox 631 3259 727 3323; x_wconf 87' lang='lat' dir='ltr'><strong>illam</strong></span> <span class='ocrx_word' id='word_1_176' title='bbox 748 3279 812 3342; x_wconf 92' lang='lat' dir='ltr'><strong>pro</strong></span> <span class='ocrx_word' id='word_1_177' title='bbox 830 3260 974 3337; x_wconf 89' lang='lat' dir='ltr'><strong>castello</strong></span> <span class='ocrx_word' id='word_1_178' title='bbox 991 3266 1084 3323; x_wconf 91' lang='lat' dir='ltr'><strong>tene-</strong></span> 
     </span>
     <span class='ocr_line' id='line_1_29' title="bbox 136 3358 1083 3441; baseline -0.001 -18"><span class='ocrx_word' id='word_1_179' title='bbox 136 3360 207 3436; x_wconf 90' lang='lat' dir='ltr'><strong>bat,</strong></span> <span class='ocrx_word' id='word_1_180' title='bbox 231 3378 253 3422; x_wconf 88' lang='lat' dir='ltr'><strong>a</strong></span> <span class='ocrx_word' id='word_1_181' title='bbox 274 3379 357 3440; x_wconf 83' lang='lat' dir='ltr'><strong>rege</strong></span> <span class='ocrx_word' id='word_1_182' title='bbox 383 3365 507 3441; x_wconf 86' lang='lat' dir='ltr'><strong>captus</strong></span> <span class='ocrx_word' id='word_1_183' title='bbox 536 3365 591 3422; x_wconf 89' lang='lat' dir='ltr'><strong>est</strong></span> <span class='ocrx_word' id='word_1_184' title='bbox 621 3365 656 3422; x_wconf 88' lang='lat' dir='ltr'><strong>et</strong></span> <span class='ocrx_word' id='word_1_185' title='bbox 682 3359 890 3438; x_wconf 85' lang='lat' dir='ltr'><strong>exsulatus3</strong></span> <span class='ocrx_word' id='word_1_186' title='bbox 924 3358 1083 3441; x_wconf 86' lang='lat' dir='ltr'><strong>princeps</strong></span> 
     </span>
     <span class='ocr_line' id='line_1_30' title="bbox 137 3457 1084 3541; baseline -0.001 -19"><span class='ocrx_word' id='word_1_187' title='bbox 137 3478 275 3541; x_wconf 90' lang='lat' dir='ltr'><strong>quoque</strong></span> <span class='ocrx_word' id='word_1_188' title='bbox 297 3459 430 3521; x_wconf 84' lang='lat' dir='ltr'><strong>militiae</strong></span> <span class='ocrx_word' id='word_1_189' title='bbox 447 3457 523 3540; x_wconf 88' lang='lat' dir='ltr'><strong>ejus</strong></span> <span class='ocrx_word' id='word_1_190' title='bbox 545 3459 589 3520; x_wconf 90' lang='lat' dir='ltr'><strong>ab</strong></span> <span class='ocrx_word' id='word_1_191' title='bbox 607 3477 696 3539; x_wconf 91' lang='lat' dir='ltr'><strong>equo</strong></span> <span class='ocrx_word' id='word_1_192' title='bbox 717 3477 880 3522; x_wconf 86' lang='lat' dir='ltr'><strong>corruens</strong></span> <span class='ocrx_word' id='word_1_193' title='bbox 897 3457 976 3522; x_wconf 89' lang='lat' dir='ltr'><strong>fuso</strong></span> <span class='ocrx_word' id='word_1_194' title='bbox 993 3477 1084 3521; x_wconf 90' lang='lat' dir='ltr'><strong>cere·</strong></span> 
     </span>
    </p>
   </div>
   <div class='ocr_carea' id='block_1_5' title="bbox 117 3551 1085 3988">
    <p class='ocr_par' dir='ltr' id='par_1_5' title="bbox 117 3551 1085 3988">
     <span class='ocr_line' id='line_1_31' title="bbox 136 3551 1085 3640; baseline -0.001 -19"><span class='ocrx_word' id='word_1_195' title='bbox 136 3559 199 3623; x_wconf 88' lang='lat' dir='ltr'><strong>bro</strong></span> <span class='ocrx_word' id='word_1_196' title='bbox 209 3558 415 3640; x_wconf 86' lang='lat' dir='ltr'><strong>exspiravit.</strong></span> <span class='ocrx_word' id='word_1_197' title='bbox 447 3557 621 3637; x_wconf 87' lang='lat' dir='ltr'><strong>Magister</strong></span> <span class='ocrx_word' id='word_1_198' title='bbox 632 3551 1016 3638; x_wconf 80' lang='lat' dir='ltr'><strong>peditum⁴Reinerius,</strong></span> <span class='ocrx_word' id='word_1_199' title='bbox 1025 3558 1085 3640; x_wconf 90' lang='lat' dir='ltr'><strong>qui</strong></span> 
     </span>
     <span class='ocr_line' id='line_1_32' title="bbox 117 3714 1085 3780; baseline -0.002 -12"><span class='ocrx_word' id='word_1_200' title='bbox 117 3753 121 3759; x_wconf 82' lang='lat'>-</span> <span class='ocrx_word' id='word_1_201' title='bbox 171 3715 180 3748; x_wconf 91' lang='lat'>¹</span> <span class='ocrx_word' id='word_1_202' title='bbox 196 3714 341 3768; x_wconf 74' lang='lat' dir='ltr'><strong>willelmus.</strong></span> <span class='ocrx_word' id='word_1_203' title='bbox 354 3717 366 3780; x_wconf 93' lang='lat'>]</span> <span class='ocrx_word' id='word_1_204' title='bbox 383 3717 425 3766; x_wconf 90' lang='lat' dir='ltr'><strong>He</strong></span> <span class='ocrx_word' id='word_1_205' title='bbox 436 3718 458 3765; x_wconf 90' lang='lat' dir='ltr'><strong>is</strong></span> <span class='ocrx_word' id='word_1_206' title='bbox 471 3715 599 3778; x_wconf 78' lang='lat' dir='ltr'><strong>generally</strong></span> <span class='ocrx_word' id='word_1_207' title='bbox 623 3719 707 3766; x_wconf 84' lang='lat' dir='ltr'><strong>textis</strong></span> <span class='ocrx_word' id='word_1_208' title='bbox 719 3723 831 3778; x_wconf 87' lang='lat' dir='ltr'><strong>correct;</strong></span> <span class='ocrx_word' id='word_1_209' title='bbox 848 3718 891 3766; x_wconf 88' lang='lat' dir='ltr'><strong>the</strong></span> <span class='ocrx_word' id='word_1_210' title='bbox 899 3718 996 3766; x_wconf 88' lang='lat' dir='ltr'><strong>erroris</strong></span> <span class='ocrx_word' id='word_1_211' title='bbox 1005 3718 1032 3765; x_wconf 91' lang='lat' dir='ltr'><strong>in</strong></span> <span class='ocrx_word' id='word_1_212' title='bbox 1042 3718 1085 3766; x_wconf 89' lang='lat' dir='ltr'><strong>the</strong></span> 
     </span>
     <span class='ocr_line' id='line_1_33' title="bbox 136 3786 1063 3849; baseline -0.002 -11"><span class='ocrx_word' id='word_1_213' title='bbox 136 3788 264 3849; x_wconf 84' lang='lat' dir='ltr'><strong>supposed</strong></span> <span class='ocrx_word' id='word_1_214' title='bbox 274 3792 301 3837; x_wconf 86' lang='lat' dir='ltr'><strong>to</strong></span> <span class='ocrx_word' id='word_1_215' title='bbox 317 3786 383 3836; x_wconf 81' lang='lat' dir='ltr'><strong>heve</strong></span> <span class='ocrx_word' id='word_1_216' title='bbox 392 3787 453 3835; x_wconf 89' lang='lat' dir='ltr'><strong>died</strong></span> <span class='ocrx_word' id='word_1_217' title='bbox 469 3787 496 3834; x_wconf 86' lang='lat' dir='ltr'><strong>in</strong></span> <span class='ocrx_word' id='word_1_218' title='bbox 509 3786 559 3834; x_wconf 84' lang='lat' dir='ltr'><strong>this</strong></span> <span class='ocrx_word' id='word_1_219' title='bbox 571 3800 599 3834; x_wconf 93' lang='lat' dir='ltr'><strong>or</strong></span> <span class='ocrx_word' id='word_1_220' title='bbox 623 3803 684 3848; x_wconf 83' lang='lat' dir='ltr'><strong>year</strong></span> <span class='ocrx_word' id='word_1_221' title='bbox 694 3788 720 3835; x_wconf 91' lang='lat' dir='ltr'><strong>in</strong></span> <span class='ocrx_word' id='word_1_222' title='bbox 731 3788 816 3836; x_wconf 85' lang='lat' dir='ltr'><strong>which</strong></span> <span class='ocrx_word' id='word_1_223' title='bbox 826 3788 887 3848; x_wconf 82' lang='lat' dir='ltr'><strong>they</strong></span> <span class='ocrx_word' id='word_1_224' title='bbox 897 3801 941 3836; x_wconf 83' lang='lat' dir='ltr'><strong>ure</strong></span> <span class='ocrx_word' id='word_1_225' title='bbox 952 3787 1063 3836; x_wconf 82' lang='lat' dir='ltr'><strong>entered.</strong></span> 
     </span>
     <span class='ocr_line' id='line_1_34' title="bbox 135 3855 598 3919; baseline -0.004 -12"><span class='ocrx_word' id='word_1_226' title='bbox 135 3858 178 3907; x_wconf 85' lang='lat' dir='ltr'><strong>the</strong></span> <span class='ocrx_word' id='word_1_227' title='bbox 199 3857 330 3919; x_wconf 79' lang='lat' dir='ltr'><strong>lbllowing</strong></span> <span class='ocrx_word' id='word_1_228' title='bbox 357 3871 427 3917; x_wconf 82' lang='lat' dir='ltr'><strong>year.</strong></span> <span class='ocrx_word' id='word_1_229' title='bbox 474 3856 522 3905; x_wconf 85' lang='lat' dir='ltr'><strong>See</strong></span> <span class='ocrx_word' id='word_1_230' title='bbox 547 3855 598 3905; x_wconf 90' lang='lat' dir='ltr'><strong>Mr.</strong></span> 
     </span>
     <span class='ocr_line' id='line_1_35' title="bbox 136 3922 471 3988; baseline -0.006 -12"><span class='ocrx_word' id='word_1_231' title='bbox 136 3922 248 3988; x_wconf 84' lang='lat' dir='ltr'><strong>Hardy&#39;s</strong></span> <span class='ocrx_word' id='word_1_232' title='bbox 258 3925 370 3988; x_wconf 82' lang='lat' dir='ltr'><strong>prelece,</strong></span> <span class='ocrx_word' id='word_1_233' title='bbox 379 3941 406 3986; x_wconf 90' lang='lat' dir='ltr'><strong>p.</strong></span> <span class='ocrx_word' id='word_1_234' title='bbox 417 3925 471 3974; x_wconf 82' lang='lat' dir='ltr'><strong>viii.</strong></span> 
     </span>
    </p>
   </div>
   <div class='ocr_carea' id='block_1_6' title="bbox 135 3893 1087 4265">
    <p class='ocr_par' dir='ltr' id='par_1_6' title="bbox 171 3893 1085 4058">
     <span class='ocr_line' id='line_1_36' title="bbox 658 3893 1084 3959; baseline -0.002 -14"><span class='ocrx_word' id='word_1_235' title='bbox 658 3893 819 3959; x_wconf 55' lang='lat' dir='ltr'><strong>mopiam</strong></span> <span class='ocrx_word' id='word_1_236' title='bbox 840 3895 993 3944; x_wconf 80' lang='lat' dir='ltr'><strong>Lineolniam</strong></span> <span class='ocrx_word' id='word_1_237' title='bbox 1018 3895 1084 3944; x_wconf 80' lang='lat' dir='ltr'><strong>olse-</strong></span> 
     </span>
     <span class='ocr_line' id='line_1_37' title="bbox 171 3959 1085 4058; baseline -0.011 -34"><span class='ocrx_word' id='word_1_238' title='bbox 171 3994 182 4024; x_wconf 68' lang='grc' dir='ltr'><strong>ε</strong></span> <span class='ocrx_word' id='word_1_239' title='bbox 193 3995 358 4058; x_wconf 52' lang='grc' dir='ltr'><strong>ΕΨΜΜ</strong></span> <span class='ocrx_word' id='word_1_240' title='bbox 386 3995 429 4043; x_wconf 60' lang='lat' dir='ltr'><strong>the</strong></span> <span class='ocrx_word' id='word_1_241' title='bbox 450 3993 539 4051; x_wconf 50' lang='lat' dir='ltr'><strong>thim</strong></span> <span class='ocrx_word' id='word_1_242' title='bbox 566 3992 599 4041; x_wconf 62' lang='lat' dir='ltr'><strong>he</strong></span> <span class='ocrx_word' id='word_1_243' title='bbox 623 3959 684 4034; x_wconf 76' lang='lat' dir='ltr'><strong>cit]</strong></span> <span class='ocrx_word' id='word_1_244' title='bbox 706 3965 795 4026; x_wconf 87' lang='lat' dir='ltr'><strong>Hemy</strong></span> <span class='ocrx_word' id='word_1_245' title='bbox 814 3965 843 4013; x_wconf 83' lang='lat' dir='ltr'><strong>ol</strong></span> <span class='ocrx_word' id='word_1_246' title='bbox 863 3965 1085 4028; x_wconf 75' lang='lat' dir='ltr'><strong>Huntingdon‚&#39;p.</strong></span> 
     </span>
    </p>

    <p class='ocr_par' dir='ltr' id='par_1_7' title="bbox 136 4039 682 4127">
     <span class='ocr_line' id='line_1_38' title="bbox 136 4039 682 4127; baseline -0.011 -12"><span class='ocrx_word' id='word_1_247' title='bbox 136 4067 196 4116; x_wconf 88' lang='lat' dir='ltr'><strong>died</strong></span> <span class='ocrx_word' id='word_1_248' title='bbox 214 4067 241 4114; x_wconf 90' lang='lat' dir='ltr'><strong>in</strong></span> <span class='ocrx_word' id='word_1_249' title='bbox 260 4066 324 4127; x_wconf 85' lang='lat' dir='ltr'><strong>July</strong></span> <span class='ocrx_word' id='word_1_250' title='bbox 344 4069 418 4114; x_wconf 75' lang='lat'><strong>115³.</strong></span> <span class='ocrx_word' id='word_1_251' title='bbox 453 4064 492 4112; x_wconf 85' lang='lat' dir='ltr'><strong>As</strong></span> <span class='ocrx_word' id='word_1_252' title='bbox 511 4067 538 4112; x_wconf 87' lang='lat' dir='ltr'><strong>to</strong></span> <span class='ocrx_word' id='word_1_253' title='bbox 556 4062 599 4110; x_wconf 83' lang='lat' dir='ltr'><strong>the</strong></span> <span class='ocrx_word' id='word_1_254' title='bbox 624 4039 682 4084; x_wconf 70' lang='lat'><strong>³⁹3·</strong></span> 
     </span>
    </p>

    <p class='ocr_par' dir='ltr' id='par_1_8' title="bbox 135 4126 1087 4196">
     <span class='ocr_line' id='line_1_39' title="bbox 135 4126 1087 4196; baseline -0.009 -12"><span class='ocrx_word' id='word_1_255' title='bbox 135 4138 195 4184; x_wconf 87' lang='lat' dir='ltr'><strong>time</strong></span> <span class='ocrx_word' id='word_1_256' title='bbox 211 4135 242 4184; x_wconf 83' lang='lat' dir='ltr'><strong>of</strong></span> <span class='ocrx_word' id='word_1_257' title='bbox 254 4132 405 4196; x_wconf 83' lang='lat' dir='ltr'><strong>oc&#39;cupation</strong></span> <span class='ocrx_word' id='word_1_258' title='bbox 421 4133 451 4182; x_wconf 82' lang='lat' dir='ltr'><strong>of</strong></span> <span class='ocrx_word' id='word_1_259' title='bbox 463 4134 505 4182; x_wconf 83' lang='lat' dir='ltr'><strong>the</strong></span> <span class='ocrx_word' id='word_1_260' title='bbox 522 4132 600 4194; x_wconf 84' lang='lat' dir='ltr'><strong>papal</strong></span> <span class='ocrx_word' id='word_1_261' title='bbox 659 4126 821 4178; x_wconf 73' lang='lat' dir='ltr'><strong>⁴Reiuerius.</strong></span> <span class='ocrx_word' id='word_1_262' title='bbox 844 4127 856 4192; x_wconf 97' lang='lat'>]</span> <span class='ocrx_word' id='word_1_263' title='bbox 895 4127 903 4155; x_wconf 87' lang='lat'>‘</span> <span class='ocrx_word' id='word_1_264' title='bbox 921 4127 1054 4177; x_wconf 84' lang='lat' dir='ltr'><strong>Reimerus</strong></span> <span class='ocrx_word' id='word_1_265' title='bbox 1068 4127 1087 4187; x_wconf 71' lang='grc' dir='ltr'><strong>ς’</strong></span> 
     </span>
    </p>

    <p class='ocr_par' dir='ltr' id='par_1_9' title="bbox 136 4197 770 4265">
     <span class='ocr_line' id='line_1_40' title="bbox 136 4197 770 4265; baseline -0.013 -10"><span class='ocrx_word' id='word_1_266' title='bbox 136 4206 206 4255; x_wconf 79' lang='lat' dir='ltr'><strong>cheir</strong></span> <span class='ocrx_word' id='word_1_267' title='bbox 224 4206 259 4265; x_wconf 91' lang='lat' dir='ltr'><strong>by</strong></span> <span class='ocrx_word' id='word_1_268' title='bbox 275 4204 346 4253; x_wconf 83' lang='lat' dir='ltr'><strong>these</strong></span> <span class='ocrx_word' id='word_1_269' title='bbox 362 4203 433 4252; x_wconf 86' lang='lat' dir='ltr'><strong>three</strong></span> <span class='ocrx_word' id='word_1_270' title='bbox 452 4215 541 4265; x_wconf 83' lang='lat' dir='ltr'><strong>popes,</strong></span> <span class='ocrx_word' id='word_1_271' title='bbox 557 4203 599 4251; x_wconf 82' lang='lat' dir='ltr'><strong>the</strong></span> <span class='ocrx_word' id='word_1_272' title='bbox 626 4197 770 4259; x_wconf 81' lang='lat' dir='ltr'><strong>Huntingd.</strong></span> 
     </span>
    </p>
   </div>
   <div class='ocr_carea' id='block_1_7' title="bbox 0 0 1419 4882">
    <p class='ocr_par' dir='ltr' id='par_1_10' title="bbox 0 0 1419 4882">
     <span class='ocr_line' id='line_1_41' title="bbox 0 0 1419 4882; baseline 0 0"><span class='ocrx_word' id='word_1_273' title='bbox 0 0 1419 4882; x_wconf 95' lang='lat' dir='ltr'><strong> </strong></span> 
     </span>
    </p>
   </div>
  </div>
 </body>
</html>
