2820 4882
372 401 511 449 anonas
535 400 805 449 ursronrnnun.
995 384 1060 448 193

112 555 243 621 Deinde
265 565 345 640 post
367 558 441 622 dies
462 578 604 641 pancos,
625 578 704 623 curn
731 558 938 635 Turstanns,
964 558 1055 623 Ebo-
1069 576 1191 623 att-11¹⁵·

111 658 259 722 racensis
290 658 430 735 electus,
457 660 501 722 ab
532 658 791 740 archiepiscopo
813 657 1055 722 Cantuariensi

110 765 317 834 moneretur,
344 766 383 821 ut
413 778 507 822 more
530 758 633 823 solito
656 758 926 821 benedictionem
946 760 991 822 ab
1013 779 1053 823 co

109 857 309 940 susciperet,
331 865 367 920 ct
392 857 457 920 sibi
478 858 709 922 obedientiam
732 856 861 922 faceret
887 865 922 922 et
947 858 1053 922 eccle·

108 954 167 1018 siae
198 955 453 1032 cantuariensi,
484 956 671 1040 respondit,
709 975 747 1027 se
781 956 1053 1021 benedictionem

109 1054 247 1137 abipso
269 1063 511 1137 suscepturum
532 1057 690 1132 libenter,
712 1055 772 1118 sed
795 1055 1052 1138 professionem,

109 1172 211 1234 quam
228 1155 403 1237 exigebat,
420 1175 458 1219 se
475 1154 571 1218 nullo
593 1154 695 1218 modo
716 1153 897 1218 facturum.
950 1154 1053 1233 Quod

109 1253 252 1317 audiens
274 1273 337 1318 rex
355 1253 540 1333 Henricus,
563 1260 775 1337 protestatus
793 1262 847 1318 cst
862 1254 1053 1332 manifeste,

109 1354 211 1434 quod,
238 1353 305 1416 nisi
329 1354 484 1417 ecclesiae
509 1352 763 1431 cantuariensi,
790 1353 898 1436 juxta
924 1374 1053 1418 morem

109 1459 362 1517 antecessorum
385 1472 536 1531 suorum,
559 1452 689 1516 laceret
710 1453 802 1533 quod
824 1453 981 1531 debebat,
1001 1454 1054 1535 ip·

109 1571 183 1615 sum
220 1551 430 1617 Eboracensi
471 1553 674 1634 episcopatu
710 1571 788 1615 cum
818 1552 1055 1616 benedictione

108 1650 262 1716 funditus
302 1651 502 1715 cariturum.
554 1651 680 1733 Sicquc
716 1652 760 1714 ab
797 1651 1055 1734 archiepiscopo

110 1750 350 1815 Cantuariensi
370 1751 576 1834 interposita
594 1750 836 1834 appellatione,
857 1771 900 1814 ne
921 1752 965 1814 ab
987 1751 1056 1815 alio

110 1869 210 1931 quam
227 1869 249 1914 a
273 1870 310 1914 se
331 1851 625 1915 consecrationem
645 1850 827 1933 acciperet,
847 1853 891 1914 ab
908 1851 1055 1914 invicem

110 1958 334 2014 recesserunt.

258 2099 307 2162 De
320 2097 511 2163 dedicatione
523 2097 650 2162 ecclesio
661 2099 762 2162 eoacti
776 2097 906 2162 Albuci.

158 2217 279 2286 Anno¹
304 2223 444 2287 Domini
463 2240 592 2287 noxvn
611 2244 673 2287 rex
690 2223 866 2287 Henricus
880 2223 923 2286 ad
941 2223 1057 2287 natale
1070 2239 1126 2279 nn.
1137 2240 1193 2300 1¹3⁶·

110 2323 258 2400 Domini,
278 2323 332 2386 die
348 2330 547 2387 sanctorum
565 2323 806 2387 Innocentium
824 2323 980 2386 interfuit
997 2289 1213 2386 dc·3⁸3¹⁰i1⁸iii’n

110 2421 275 2486 dicationi
303 2422 458 2486 ecclesiae
488 2421 582 2485 beati
602 2420 731 2485 Albani
758 2422 1055 2505 prothomartyris
1067 2391 1141 2438 ''m''

110 2542 211 2604 quam
227 2521 400 2586 dedicavit
417 2522 604 2598 Robertus,
625 2522 875 2589 Lincolniensis
898 2523 1056 2598 antistes,

110 2623 151 2686 ab
177 2621 302 2686 abbate
322 2620 474 2705 ejusdcm
494 2620 562 2684 loci
585 2620 760 2685 Richardo
778 2622 853 2685 viro
868 2623 1056 2686 venerabili

109 2721 303 2804 requisitus.
357 2719 593 2785 Interfuerunt
609 2729 725 2785 autem
746 2721 827 2784 huic
848 2721 1055 2785 dedicationi

109 2841 185 2884 cum
202 2840 283 2902 rege
298 2827 333 2883 et
347 2819 469 2900 regina
490 2819 565 2903 ejus
588 2820 745 2898 Matilde,
763 2820 1056 2901 Rothomagonsis

109 2919 385 3002 archiepiscopus
417 2918 616 2996 Ganfridus,
646 2919 897 2984 Londoniensis
924 2923 1056 3002 cpisco-

109 3039 173 3101 pus
198 3017 406 3096 Richardus,
430 3018 692 3082 Sarisberiensis
722 3019 894 3108 Rogerus,
922 3021 1055 3083 Dunel-

110 3118 236 3182 mensis
269 3117 490 3200 Ranulphus,
526 3138 604 3181 cunr
642 3119 824 3182 comitibus
854 3115 993 3199 Angliae
1021 3126 1056 3183 et

112 3217 336 3282 Normanniae
356 3217 487 3293 multis,
511 3217 687 3281 Richardo
707 3218 832 3280 abbate
851 3216 918 3299 ipsi
932 3217 1004 3297 regi
1021 3225 1056 3280 et

111 3316 186 3381 aliis
210 3317 368 3381 omnibus
391 3318 587 3381 necessaria
606 3317 748 3399 largiter
764 3322 991 3399 procurante;
1021 3323 1055 3379 et

111 3435 172 3480 rex
197 3415 373 3480 Henricus
401 3416 496 3479 dedit
520 3417 673 3480 ecclesiae
697 3415 852 3497 praefatae
875 3415 1055 3497 Bissopes-

111 3523 185 3581 cote
200 3515 237 3579 in
251 3515 367 3579 dotem
381 3522 596 3598 perpetuam,
613 3522 648 3579 et
662 3507 802 3578 ²charta
816 3534 881 3577 sua
897 3514 1057 3577 solemni-

111 3622 162 3679 ter
175 3615 402 3680 confirmavit.
439 3615 570 3678 Eodem
588 3633 678 3677 anno
697 3607 867 3677 ³surrexit
888 3612 1058 3676 discordia

113 3804 117 3813 .
144 3763 235 3815 ¹Anoo
253 3765 354 3814 Domini
377 3759 491 3832 nexu]
520 3765 570 3812 Ac·
596 3764 683 3812 tinucd
702 3765 723 3813 it
739 3766 805 3814 until
821 3765 921 3826 obliged
935 3769 961 3814 to
979 3765 1059 3813 desint

111 3836 214 3898 cording
234 3841 260 3884 to
280 3835 405 3884 Matthew
422 3835 507 3895 Paris,
528 3835 571 3882 ‘in
595 3833 658 3882 from
669 3834 776 3896 latigue.

112 3906 263 3954 contermino
291 3903 413 3966 praeteriti
436 3909 461 3953 et
485 3904 572 3953 subse·
631 3900 818 3968 witemora]
835 3903 1060 3964 PrintedinDug-

113 3977 210 4035 quentis
231 3971 318 4034 anni;’
342 3975 401 4023 who
424 3975 477 4022 also
500 3973 574 4034 adds,
598 3973 666 4033 dale,
677 3973 705 4022 ii.
718 3989 744 4034 p.
756 3977 813 4033 228,
825 3971 837 4038 ξ
848 3988 891 4021 xv.

112 4044 165 4094 that
180 4045 225 4094 the
242 4045 312 4093 office
329 4043 359 4093 ol
371 4044 414 4091 the
431 4043 574 4092 dedication
633 4039 770 4092 ⁸Surrexit
790 4042 911 4091 discordia
932 4041 1060 4105 magia]

112 4128 163 4164 was
190 4113 352 4163 commenced
384 4114 419 4174 by
447 4112 576 4175 Geollrey,
599 4112 700 4173 Tyrrell
722 4113 768 4161 has
791 4127 823 4161 an
841 4118 948 4161 account
966 4112 994 4161 ol
1010 4113 1061 4161 this

113 4184 262 4246 urchbishop
278 4183 308 4232 ol
323 4184 423 4243 Ronen,
439 4182 497 4231 who
515 4197 576 4231 con·
601 4197 655 4230 war
666 4181 729 4230 from
741 4182 831 4246 Suger,
842 4183 971 4243 ii.p.151.

160 4276 241 4322 VOL.
260 4275 300 4322 ll.
890 4274 911 4319 0
