2820 4882
426 438 566 490 manns
588 441 862 492 nisronmnuu.
1077 427 1120 493 81

157 605 335 661 matorum
354 599 475 682 copiis,
492 609 528 665 et
543 602 776 666 moderamine
793 621 949 684 congruo
970 603 1038 666 iter
1055 623 1117 670 ex·
1129 616 1254 717 two}

155 697 353 780 pedientes,
377 698 535 764 Nicaeam
554 719 616 783 per
638 701 706 765 Dei
730 703 881 783 gratiam
900 702 1092 783 attigerunt
1106 725 1115 784 3
1129 716 1277 759 ‘hecra-ue·

157 797 219 859 ubi
242 799 368 862 castris
387 799 424 862 in
447 820 571 883 gyrum
590 800 781 883 dispositis,
801 801 879 864 loca
901 810 1017 865 tamen
1032 823 1117 867 veu-

156 898 246 960 turis
269 898 465 978 legionibus
487 907 714 975 reservantes,
731 901 850 963 urbem
866 921 984 964 mense
1006 901 1114 981 Maio,

155 996 292 1061 decimo
308 998 430 1080 quinto
450 998 505 1063 die
527 1000 666 1075 mensis,
690 1001 726 1062 in
743 999 799 1063 die
817 999 976 1063 videlicet
995 1001 1115 1066 Domi-

154 1097 246 1160 nicae
261 1098 486 1176 ascensionis,
502 1098 721 1162 obsederunt.
775 1099 900 1162 Comes
917 1119 1000 1163 vero
1017 1100 1113 1164 Tho-

154 1195 300 1261 losanus
323 1198 472 1279 negotiis
494 1197 727 1281 pertractatis,
745 1206 886 1280 sumpta
903 1200 947 1261 ab
963 1199 1112 1281 impera-

155 1302 233 1360 tore
246 1296 399 1375 liceutia,
414 1299 459 1361 ad
473 1298 593 1361 urbem
609 1298 812 1380 praedictam
826 1298 929 1362 velox
942 1300 1111 1381 pervenit,

153 1402 194 1460 et
218 1397 355 1461 caeteris
379 1417 417 1461 se
449 1397 661 1480 principibus
687 1398 898 1463 obsidionem
926 1399 1110 1480 agentibus

154 1515 236 1559 cum
251 1496 444 1579 legionibus
461 1496 652 1581 conjunxit.

195 1670 337 1752 Qualiter
353 1671 417 1736 dac
429 1670 579 1737 mimas
595 1673 677 1736 vead
692 1673 738 1736 ad
750 1671 933 1736 obsidionem
944 1673 1058 1738 Nicea

556 1772 704 1837 aciatis.

203 1889 376 1959 Audiens¹
396 1902 512 1960 autem
527 1896 601 1958 dux
621 1894 902 1961 Normannorum
917 1893 1108 1973 Rubenius,
1121 1920 1269 1972 simonia.

154 1993 314 2059 Nicaeam
328 1997 448 2060 urbem
469 2015 491 2059 a
507 1995 731 2078 principibus,
746 1995 807 2077 qui
825 1995 939 2076 ipsum
962 2014 1109 2076 praeces-

152 2103 283 2171 serant,
304 2095 378 2179 jam
404 2115 480 2159 esse
502 2094 679 2160 obsidione
699 2094 877 2168 vallatam,
907 2094 1107 2171 convocatis

153 2193 221 2257 viae
239 2195 457 2258 consortibus
481 2195 695 2276 sarcinisque
717 2193 929 2276 compositis,
945 2193 989 2255 ad
1013 2212 1107 2256 mare

151 2292 357 2375 descendit;
392 2302 427 2358 et
451 2314 596 2372 moram,
621 2313 726 2375 quum
752 2293 881 2357 fecerat
904 2293 941 2354 in
965 2290 1106 2374 Apulia,

152 2393 322 2457 redimere
347 2395 502 2476 cupiens,
525 2414 604 2459 cum
628 2394 721 2456 omni
748 2391 1000 2474 tranquillitate
1030 2391 1106 2456 Illi·

151 2493 236 2571 rico,
255 2493 473 2571 Macedonia,
491 2501 526 2558 et
547 2501 695 2575 utraque
711 2491 862 2556 Thracia
885 2494 1106 2570 transcursis,

153 2591 492 2677 Constantinopolim
518 2593 686 2676 pervenit.
740 2592 810 2656 Ubi
832 2592 876 2655 ab
899 2591 1106 2674 imperatore

151 2699 312 2772 vocatus,
327 2713 421 2758 more
435 2694 581 2758 alionum
596 2692 802 2776 principum,
816 2689 1018 2755 fidelitatem
1033 2698 1104 2754 tam

151 2793 229 2874 ipse
243 2813 347 2876 quam
363 2795 506 2858 comites
520 2795 580 2876 qui
597 2813 674 2857 curn
689 2811 730 2855 eo
746 2797 914 2856 venerant
927 2791 1103 2870 fecerunt3

151 2899 191 2957 et
215 2894 296 2957 inde
318 2895 356 2957 in
378 2894 578 2976 ampliorem
603 2892 733 2973 recepti
760 2892 920 2972 gratiam,
946 2890 981 2952 in
1008 2909 1104 2967 auro,

151 2993 309 3058 vestibus
328 2993 503 3077 pretiosis,
519 2992 613 3057 vasis
639 2998 710 3055 tam
737 2991 884 3054 artificio
902 3009 1005 3071 quam
1030 3009 1103 3052 ma-

150 3094 243 3155 teria
262 3093 493 3157 'admiratione
517 3092 643 3174 dignis,
669 3090 868 3154 holosericis
891 3108 1029 3172 quoque
1050 3090 1104 3151 in-

149 3192 283 3256 auditae
314 3193 566 3270 aestimationis,
598 3191 689 3255 dona
719 3195 957 3271 susceperunt,
987 3188 1104 3269 qualia

149 3292 249 3374 prius
273 3312 341 3356 non
361 3294 533 3371 viderant,
554 3299 590 3356 et
612 3310 692 3374 quae
714 3289 799 3372 ipsis
822 3288 927 3352 etiam
950 3294 1105 3368 recepto·

148 3392 248 3455 ribus
265 3399 441 3474 stuporem
457 3392 635 3468 inferrent,
656 3391 738 3453 dum
757 3407 869 3451 rerum
893 3392 996 3450 antea
1011 3385 1104 3450 visa·

149 3511 230 3554 rum
252 3492 458 3556 excederent
471 3491 688 3574 dignitatem.
740 3488 875 3551 Deinde
897 3492 1037 3568 sumpta
1059 3486 1103 3549 ab

151 3591 360 3673 imperatore
375 3592 528 3669 licentia,
540 3591 757 3672 transitoque
771 3587 1014 3669 Hellesponto,
1026 3604 1104 3648 cum

152 3691 226 3753 suis
248 3691 442 3773 legionibus
460 3691 618 3756 Nicaeam
641 3694 884 3772 pervenerunt,
901 3706 923 3750 a
938 3686 1104 3768 principi·

151 3790 231 3868 bus,
245 3790 306 3872 qni
323 3810 383 3855 ecs
400 3797 653 3874 praevenerant,
669 3807 805 3870 magnae
821 3786 1015 3850 devotionis
1033 3804 1105 3847 am-

150 3888 260 3971 plexu
282 3892 447 3974 suscepti,
470 3892 529 3974 qui
552 3891 666 3954 locum
690 3887 755 3951 sibi
781 3888 818 3948 in
843 3885 1021 3949 obsidione
1044 3883 1104 3949 de·

151 3996 315 4071 putatum
336 3991 531 4055 obtinentes
555 3996 671 4055 castra
691 3985 873 4069 magnifice
894 3991 1103 4049 statuerunt.

305 4230 437 4286 ¹Aadlena
447 4239 528 4286 autem
538 4233 619 4296 dm]
641 4233 713 4282 Will.
724 4232 784 4292 Tyr.
797 4245 841 4292 pp.
853 4233 912 4290 663,
922 4232 980 4278 oet.

198 4327 280 4374 VOL.
298 4326 338 4373 ll.
931 4320 952 4364 G
