2820 4882
381 418 521 465 reeens
544 417 815 468 nrsroumuou.
1006 405 1073 468 217

64 647 68 652 ,
122 575 280 652 diadema
310 583 428 641 tamen
458 579 573 643 Deum
609 586 749 643 tentans
786 581 927 645 invasit.
981 580 1072 644 Con·
1086 594 1208 634 llo-11³⁵·

122 677 276 757 gregatis
299 678 391 740 enim
410 678 599 743 Londoniis
622 681 721 760 regni
743 681 979 762 magnatibus,
1002 702 1072 746 me·

124 776 341 840 liorationem
363 778 479 860 legum
504 778 665 860 promisit
681 779 789 863 juxto
803 780 1019 844 voluntatem
1037 789 1073 846 et

124 876 303 938 arbitrium
326 878 540 958 singulorum
557 899 566 958 ;
587 878 785 943 Willelmus
806 899 956 961 quoque,
979 878 1071 944 Can·

123 975 309 1038 tuariensis
329 976 621 1060 archiepiscopus»,
643 979 703 1060 qui
726 979 857 1060 primus
879 997 1073 1044 sacramen-

124 1080 197 1137 tum
232 1094 278 1138 ex
310 1077 468 1140 omnibus
499 1077 710 1160 imperatrici
739 1077 869 1142 fecerat
895 1078 938 1142 de
963 1098 1071 1160 regno

123 1171 277 1256 Angliae,
294 1175 506 1257 Stephanum
524 1177 560 1240 in
574 1197 690 1259 regem
704 1177 932 1242 consecravit.
978 1177 1071 1256 Quid

122 1276 233 1355 ergol-
283 1275 425 1352 Omnes,
441 1282 481 1340 ut
497 1278 647 1341 breviter
661 1277 808 1355 dicatur,
824 1285 894 1341 tam
906 1279 1073 1360 praesules

122 1391 226 1456 quam
243 1376 386 1439 comites
408 1383 444 1439 et
464 1377 623 1454 barones,
647 1377 707 1459 qui
729 1377 809 1441 filiae
831 1378 923 1459 regis
945 1384 981 1440 ct
1000 1379 1073 1441 suis

123 1472 318 1538 haeredibus
328 1473 534 1558 juraverant
549 1476 764 1554 fidelitatem,
773 1497 978 1541 consensum
997 1478 1074 1542 Ste-

123 1572 240 1655 phano
263 1575 496 1656 praebuerunt,
516 1575 671 1640 dicentes
689 1576 763 1640 fore
783 1577 884 1639 nimis
907 1583 1020 1660 turpe,
1042 1578 1072 1640 si

124 1680 177 1737 tot
209 1673 341 1737 nobiles
370 1674 522 1739 foeminae
548 1677 787 1740 subderentur.
851 1675 960 1758 Hugo
984 1697 1073 1760 prae-

124 1770 219 1836 terea
237 1773 363 1856 Bigod,
387 1774 532 1838 Henrici
554 1777 647 1858 regis
669 1776 892 1853 senescallus
915 1776 1072 1858 praestito

119 1872 332 1955 juramento,
358 1875 519 1956 probavit
551 1894 667 1940 coram
696 1876 953 1958 archiepiscopo
979 1875 1072 1939 Can-

126 1973 305 2050 tuariensi,
328 1975 432 2056 quod,
448 1974 528 2038 dum
552 1995 611 2038 rex
631 1983 750 2057 ageret
767 1977 802 2038 in
820 1976 996 2052 extremis,
1010 1976 1074 2038 im-

124 2073 329 2155 peratricem
351 2074 588 2138 exhaeredavit
610 2082 646 2139 et
668 2075 882 2157 Stephanum
904 2075 969 2137 sibi
992 2094 1074 2139 con-

124 2171 239 2236 stituit
272 2192 516 2238 successorem.
569 2173 684 2256 Igitur
711 2176 745 2237 in
771 2175 827 2238 die
854 2173 965 2237 sancti
995 2174 1072 2238 Ste-

124 2272 230 2354 phani
245 2273 546 2357 prothomartyris,
564 2275 715 2338 omnium
730 2274 860 2350 favore,
875 2272 1073 2357 Stephanus

127 2391 220 2454 saepe
242 2372 354 2436 dictus
372 2394 434 2456 per
452 2374 679 2437 ministerium
695 2374 874 2450 Willelmi,
892 2372 1075 2438 Cantuari·

127 2473 219 2534 ensis
241 2472 502 2556 archiepiscopi,
525 2475 618 2557 apud
634 2474 983 2539 westmonasterium
1000 2474 1074 2537 dia·

66 2637 68 2639 ,
128 2571 227 2636 dema
243 2572 408 2656 suscepit,
422 2582 459 2638 et
475 2593 538 2637 rex
552 2580 606 2637 est
619 2575 663 2637 ab
678 2573 837 2638 omnihus
851 2573 1075 2651 acclamatus,

127 2679 160 2736 et
177 2672 296 2754 regale
317 2672 442 2737 festum
458 2673 636 2756 splendide
653 2673 851 2737 celebravit.
904 2667 1074 2738 ¹Corona·

128 2773 222 2837 tione
252 2773 371 2855 itaque
403 2773 586 2856 magnifice
615 2773 799 2856 completa,
826 2771 996 2855 homagiis
1020 2794 1074 2837 re·

130 2872 251 2954 ceptiS,
268 2874 422 2953 perrexit
439 2893 501 2937 rex
520 2872 716 2956 Stephanus
736 2873 778 2937 ad
803 2873 988 2951 Oxoniam,
1007 2874 1074 2955 [et]

128 2972 173 3034 ihi
197 2972 415 3041 confirmavit
431 2981 547 3055 pacta,
567 2993 644 3056 quae
667 2974 744 3037 Deo
767 2980 802 3037 et
821 2973 951 3056 populo
970 2980 1075 3055 atque

129 3072 284 3135 ecclesiae
313 3080 444 3136 sanctae
475 3073 511 3135 in
545 3073 600 3137 die
627 3073 860 3139 coronationis
889 3091 962 3135 suae
992 3092 1073 3135 con·

130 3180 293 3249 cesserat,
317 3191 396 3254 quae
417 3172 491 3236 haec
515 3173 676 3252 fuerunt;
716 3173 846 3249 Primo,
870 3191 948 3235 cum
975 3171 1074 3254 jura-
1083 3190 1125 3231 111·
1134 3191 1201 3230 atui.

129 3278 245 3336 mento
260 3273 369 3349 vovit,
385 3272 489 3356 quod,
507 3273 679 3337 defunctis
694 3273 877 3355 episcopis,
900 3291 969 3334 non
991 3272 1073 3335 reti-

131 3378 227 3435 neret
244 3372 407 3436 ecclesias
427 3373 464 3435 in
479 3392 584 3437 manu
600 3393 676 3451 sua,
699 3371 759 3436 sed
783 3372 900 3436 statim
914 3371 1074 3434 electioni

129 3472 305 3535 canonicae
320 3473 537 3536 consentiens
549 3473 676 3537 electos
692 3473 856 3537 continuo
871 3469 1051 3535 investiret
1064 3492 1073 3550 3

128 3570 288 3635 Secundo
305 3573 415 3649 vovit,
433 3573 524 3655 quod
549 3574 679 3637 nullius
703 3573 819 3636 clerici
836 3573 891 3636 vcl
914 3571 994 3635 laici
1016 3572 1075 3634 sil·

130 3691 190 3735 vas
221 3671 259 3734 in
284 3691 390 3736 manu
414 3691 478 3735 sua
506 3674 680 3750 retineret,
703 3673 793 3735 sicut
813 3692 875 3734 rex
900 3670 1074 3734 Henricus

130 3771 270 3849 fecerat,
290 3773 349 3855 qui
372 3773 519 3854 singulis
538 3775 638 3837 annis
661 3792 720 3837 eos
738 3772 1026 3854 implacitaverat,
1044 3771 1074 3833 si

129 3872 183 3935 vel
205 3873 427 3936 venationem
449 3873 622 3956 cepissent
651 3874 687 3935 in
718 3872 815 3934 silvis
840 3871 999 3953 propriis,
1020 3870 1075 3934 vel

129 3972 157 4034 si
178 3991 239 4035 eas
262 3973 307 4036 ad
335 3971 493 4054 proprias
515 3974 740 4036 necessitates
768 3970 999 4034 distraherent
1020 3970 1075 4034 vel

129 4073 342 4151 minuerent;
369 4072 462 4154 quod
479 4072 618 4136 nefandi
635 4092 745 4153 genus
762 4071 881 4153 placiti
899 4072 985 4134 adeo
1002 4071 1076 4135 fue·

348 4240 356 4272 ¹
367 4240 547 4305 coronatione]
566 4243 744 4306 Huntingdon,
752 4258 777 4304 p.
786 4245 842 4292 38⁷.
