2820 4882
377 443 518 492 rnonns
540 441 808 490 nrsrournuuu.
1002 425 1068 488 293

116 600 228 663 solum
255 618 396 664 causam
428 599 672 681 resignationis
700 607 772 662 tam
804 599 927 662 subitae
955 606 1064 662 retor·
1079 613 1133 653 Δ-υ-
1147 615 1203 652 ¹¹⁶²·

116 699 266 779 quentis
319 698 409 762 Haec
432 701 544 781 prima
564 699 631 761 fuit
653 698 781 779 regalis
803 699 909 761 animi
930 706 1065 780 pertur-

117 798 211 861 batio
238 798 404 862 adversus
427 797 611 874 Thomam,
632 797 912 880 archipraesulem
931 797 1064 861 Cantu-

117 896 297 960 ariensem.
349 896 437 960 Erat
454 904 569 960 autem
585 896 739 959 Thomas
756 897 822 960 iste
845 895 1064 960 Londonien-
1077 908 1174 948 Met·

116 996 164 1058 sis
186 996 281 1059 urbis
304 990 494 1078 ¹indigena,
517 1015 539 1059 a
558 995 677 1077 primis
700 994 942 1059 adolescentiae
965 959 1151 1058 annis⁰¹¹⁸¹⁰'

117 1095 232 1176 gratia
263 1095 446 1178 multiplici
482 1094 692 1173 decoratus3
729 1095 774 1157 ab
803 1095 945 1157 ineunte
973 1095 1065 1158 enim

117 1201 221 1258 aetate
250 1196 389 1258 beatam
415 1192 483 1257 Dei
512 1193 726 1275 genitricem,
752 1200 919 1275 tanquam
943 1193 1065 1256 ducem

117 1293 251 1357 viarum
271 1313 426 1370 suarum,
452 1292 587 1357 dulcius
608 1294 783 1370 invocare,
806 1293 842 1356 in
866 1293 961 1356 illam
984 1299 1065 1375 post

118 1392 294 1456 Christum
311 1400 422 1457 totam
436 1412 532 1475 spem
549 1411 690 1474 ponere,
712 1393 912 1472 consuevit;
939 1391 1064 1456 liberass

117 1491 200 1554 lium
220 1511 358 1574 quoqne
376 1492 634 1574 disciplinarum
655 1490 792 1554 scholas
810 1492 948 1556 tandem
966 1511 1065 1572 egre·

116 1591 213 1653 diens
237 1591 281 1653 ad
309 1590 561 1666 Theobaldum,
586 1590 870 1654 cantuariensem
897 1591 1066 1673 archiepi-

116 1709 272 1771 scopum,
287 1709 325 1753 se
342 1691 500 1767 contulit,
526 1698 572 1767 et,
595 1689 766 1753 industria
783 1698 1011 1772 promerente,
1027 1691 1065 1753 in

116 1788 214 1853 brevi
236 1789 363 1871 dignus
392 1789 532 1853 habitus
558 1796 623 1866 est,
652 1796 692 1852 ut
719 1788 750 1852 ei
775 1789 1063 1853 familiarissimus

116 1889 312 1952 haberetur.
366 1887 463 1966 Quot
488 1895 604 1952 autem
627 1895 662 1951 et
683 1895 833 1969 quantos
856 1889 905 1952 ibi
927 1889 1063 1952 labores

116 2009 176 2071 pro
201 1989 349 2051 ecclesia
371 1988 439 2052 Dei
463 1987 657 2069 pertulerit,
678 1988 815 2068 quoties
837 2007 900 2069 pro
923 1987 1062 2070 expedi-

116 2088 212 2151 endis
252 2086 401 2169 negotiis
425 2082 672 2169 ¹apostolorum
708 2086 828 2149 limina
858 2085 1063 2164 visitaverit,

117 2207 220 2270 quam
252 2186 345 2250 felici
374 2187 484 2264 exitu,
516 2206 594 2268 quae
625 2185 690 2249 sibi
721 2185 878 2268 injuncta
912 2183 1062 2263 fuerant,

115 2286 320 2370 expedierit,
341 2306 410 2349 nou
430 2292 485 2348 est
506 2284 607 2348 facile
632 2285 738 2362 dictu,
764 2285 954 2367 praesertim
983 2305 1061 2348 oum

115 2387 149 2449 in
166 2386 281 2449 causis
296 2385 498 2468 perorandis
523 2391 559 2447 et
578 2385 775 2448 decidendis
795 2403 836 2447 ac
853 2384 989 2466 populis
1011 2385 1063 2448 in-

115 2485 289 2549 struendis
314 2490 391 2548 tota
416 2484 492 2566 ejus
513 2483 662 2548 intentio
684 2491 889 2548 versaretur.
943 2483 1061 2549 Primo

114 2585 219 2665 igitur
235 2603 258 2647 a
279 2583 425 2666 praefato
445 2583 704 2665 archiepiscopo
724 2584 761 2646 in
783 2583 1062 2647 archidiaconum

115 2682 402 2756 Cantuariensem
429 2690 620 2766 promotus,
646 2690 727 2764 post
749 2683 875 2745 modici
898 2684 1062 2764 temporis

113 2783 335 2847 intervallum
361 2782 589 2846 cancellarius
612 2780 768 2859 efficitur,
791 2781 865 2864 ejus
892 2782 1063 2846 industria

112 2891 348 2965 promerente;
371 2881 569 2946 cancellarii
586 2887 702 2944 autem
712 2880 861 2962 fungens
877 2879 988 2944 officio
1000 2899 1062 2944 au·

112 2983 247 3046 daciam
278 2982 461 3046 milvorum
487 2981 661 3062 sapienter
690 2979 870 3061 depressit,
898 2981 957 3062 qui
988 2981 1062 3061 regi

110 3083 296 3149 adulantes
324 3080 472 3163 diripere
504 3080 787 3162 conspiraverant
818 3086 890 3142 tam
923 3078 1061 3161 provin-

113 3181 252 3246 cialium
269 3199 374 3263 quam
392 3180 546 3244 ecclesiae
561 3178 757 3243 facultates.
795 3176 885 3240 Haec
899 3177 942 3240 de
958 3178 1061 3242 beato

111 3280 260 3357 Thomu,
277 3279 390 3362 qualis
405 3286 496 3342 anto
510 3278 758 3361 promotionem
779 3277 816 3339 in
835 3275 1063 3358 archiepisco-

112 3399 196 3461 pum
219 3377 406 3457 exstiterit‚
431 3377 700 3461 praelibavimus,
726 3383 897 3458 quatenus
914 3394 968 3454 ea,
983 3395 1061 3458 quae

110 3478 155 3542 de
171 3479 248 3561 ipso
266 3485 470 3560 sequuntur,
485 3476 605 3540 lectori
621 3476 749 3541 clarius
763 3474 972 3540 elucescant.

112 3653 164 3721 Dc
171 3651 271 3735 finali
286 3652 451 3719 concordia
466 3651 563 3735 foeta
581 3651 663 3715 inter
675 3647 831 3714 mahalom
848 3647 929 3714 boati
942 3644 1064 3718 Albane·

392 3760 422 3816 at
436 3749 590 3815 aemam
604 3748 784 3814 Lincolniae.

1075 3839 1136 3880 Fluel
1143 3851 1190 3881 oon·

163 3877 246 3941 Hoc
274 3896 366 3941 anno
394 3876 510 3957 sopita
541 3882 594 3939 est
623 3873 796 3938 discordia
826 3880 861 3937 et
891 3870 1225 3982 amicabiliggpefflp

112 3977 182 4042 fine
206 3977 393 4041 terminata
419 3976 511 4039 inter
530 3975 709 4038 ecclesiam
731 3971 1007 4036 Lincolniensem
1027 3978 1216 4082 etssssffpfflffl

146 4149 318 4224 ¹1adigcaa3]
344 4169 390 4205 son
406 4153 435 4204 ol
449 4153 550 4205 Gilbert
564 4153 615 4202 and
635 4152 756 4214 Matilda,
775 4150 879 4200 citizens
897 4148 926 4199 ol
939 4149 1045 4201 London
1054 4166 1063 4212 ς

112 4225 272 4287 FitvSteph.
283 4224 310 4286 ρ’.
324 4229 363 4274 lo.
1035 4234 1038 4239 ·
