2820 4882
391 401 532 448 riorus
556 402 827 452 u1sron1nnuu.
1019 391 1084 455 147

153 631 305 711 Quorum
318 635 469 698 marsitas
484 634 634 713 Sahlaai,
651 637 878 721 AEpyptioram
887 605 1061 720 principa,

447 756 469 798 o
485 736 598 799 aostrrb
614 735 762 800 vincitur.

181 856 278 921 Urbe
293 865 408 922 autem
423 867 546 923 sancta
569 869 724 924 recenter
746 861 858 924 adhuc
881 880 903 923 a
924 859 1082 923 fidelibus
1094 882 1149 922 nn.
1161 884 1217 923 ron.

127 956 330 1040 subjugata,
340 952 529 1023 ¹Soldanus
539 961 785 1045 AEgyptiornm
799 933 1244 1023 etDamasceuo·ii¹ii⁰1'di’ia

127 1076 219 1133 rum,
241 1058 403 1140 princeps
421 1059 512 1124 inter
533 1080 652 1123 omnes
676 1060 862 1124 orientales
884 1058 1198 1166 potentissiffigr

127 1175 220 1233 mus,
235 1175 314 1220 cnm
329 1158 505 1222 civitatem
522 1166 679 1223 sanctam
698 1159 920 1223 Hierusalem
935 1178 957 1221 a
972 1158 1081 1222 fideli·
1186 1152 1192 1164 ’

128 1256 195 1319 bus
223 1264 362 1339 captam
389 1260 621 1340 cognovisset,
644 1269 769 1323 vocato
795 1259 900 1323 adse
927 1258 1082 1339 principe

128 1355 264 1419 militiae
292 1376 365 1420 suae
401 1357 587 1435 Elafdalio,
611 1360 788 1440 praecepit,
813 1366 853 1422 ut
882 1357 1081 1421 universum

128 1455 238 1518 robur
261 1457 409 1540 AEgypti
431 1464 467 1520 et
488 1476 608 1521 omnes
630 1458 765 1540 imperii
790 1459 844 1521 sui
870 1459 960 1523 vires
984 1457 1080 1520 colli-

129 1572 217 1634 gens
234 1555 271 1618 in
292 1554 427 1639 Syriam
451 1557 628 1635 ascendat,
654 1565 690 1621 et
715 1558 881 1640 populum
904 1558 1080 1622 temerari·

128 1673 189 1725 um
208 1654 253 1718 de
268 1656 449 1738 superficie
470 1664 572 1720 terrae
592 1656 717 1733 deleat,
732 1664 772 1721 ut
789 1678 858 1721 nou
874 1663 1082 1720 memoretur

130 1773 258 1818 nomen
279 1755 356 1838 ejus
378 1755 483 1819 ultra.
546 1756 634 1821 Erat
648 1757 786 1838 quidem
804 1757 1080 1821 Elafdalius'iste

132 1854 274 1917 natione
296 1852 494 1932 Armenius,
517 1875 539 1919 a
554 1854 761 1919 Christianis
786 1857 988 1938 parentibus
1011 1856 1080 1920 ori·

131 1955 249 2034 ginem
274 1953 417 2032 habens,
443 1955 504 2018 sad
531 1975 604 2037 prae
627 1956 859 2020 immensitate
882 1955 1081 2020 divitiarum

130 2060 394 2134 apostataverat
419 2074 441 2117 a
465 2055 554 2134 fide;
582 2056 701 2136 etqui
726 2057 763 2119 iu
783 2055 878 2119 fonte
900 2073 1082 2136 regenera-

133 2153 238 2216 tionis
262 2154 444 2236 Emyreius
466 2154 656 2231 dicebatur,
679 2155 792 2220 sactus
809 2162 971 2238 apostata
985 2152 1081 2217 Elas-

132 2252 246 2317 dalius
263 2255 540 2336 nuncupabatur.
595 2253 796 2337 Assumptis
811 2255 918 2336 igitur
934 2253 990 2316 hic
1007 2272 1082 2317 cru·

134 2353 184 2416 cis
199 2353 360 2417 inimicus
378 2355 550 2418 universis
565 2354 696 2418 viribus
711 2355 870 2437 AEgypti,
884 2352 1026 2417 Arabiae
1045 2361 1082 2417 et

134 2451 313 2529 Damasci,
344 2454 441 2518 veuit
471 2451 690 2531 Ascalonem,
720 2461 755 2518 et
784 2455 832 2518 ibi
864 2473 943 2517 cum
972 2453 1081 2535 copiis

133 2552 206 2615 suis
223 2553 395 2617 universis
410 2560 526 2616 castra
542 2553 683 2630 locavit,
700 2554 780 2616 inde
801 2553 1081 2636 Hierosolymam

133 2651 373 2732 profecturus3
397 2653 578 2735 proposuit
600 2653 691 2717 enim
708 2660 748 2717 ut
764 2652 882 2718 fideles
898 2654 933 2716 in
951 2652 1081 2716 Hieru-

133 2751 241 2815 salem
268 2752 451 2830 obsideret,
480 2759 516 2815 et
542 2761 623 2834 post
650 2753 833 2817 victoriam
862 2752 1082 2817 Dominicum

134 2849 289 2914 funditus
301 2851 509 2935 dilapidaret
518 2852 749 2935 sepulchrum.
795 2853 895 2916 Tunc
911 2851 1083 2935 peregrini

134 2951 258 3025 crucis,
272 2951 333 3033 qui
348 2950 433 3014 nihil
451 2952 564 3015 minus
581 2953 750 3034 optabant
772 2971 875 3033 quam
896 2951 1083 3015 obsidionis

135 3069 308 3114 aerumnas
323 3050 436 3114 denuo
451 3051 613 3133 experiri,
627 3058 862 3116 convenerunt
872 3050 919 3114 ad
938 3052 1084 3115 invicem

135 3149 248 3214 clerus
278 3157 314 3214 et
338 3150 488 3232 populus
510 3150 692 3215 universus
714 3159 750 3215 et
772 3170 869 3229 arma
889 3149 1084 3232 spiritualia

136 3250 233 3331 prius
258 3249 456 3333 bajulantes
484 3251 528 3314 ad
560 3249 779 3333 sepulchrum
809 3250 951 3314 Domini
981 3248 1083 3313 corda

136 3349 286 3414 contrito
318 3357 354 3413 et
384 3369 463 3413 cum
493 3350 631 3413 flatibus
667 3349 841 3413 humiliter
872 3349 1018 3431 profecti
1050 3356 1085 3413 et

137 3455 274 3513 orantes
296 3449 334 3513 in
355 3456 485 3514 terram
506 3450 684 3533 prostrati,
708 3469 731 3513 a
755 3448 906 3513 Domino
929 3447 1085 3531 postula·

137 3548 234 3626 baut,
259 3557 300 3613 ut
324 3551 490 3633 populum
516 3569 617 3613 suum
650 3549 915 3613 misericorditer
947 3550 991 3611 ab
1021 3548 1085 3611 im·

137 3648 345 3714 minantibus
360 3650 522 3733 periculis
539 3650 720 3728 liberaret3
737 3649 872 3726 deinde,
888 3655 1027 3731 sumpta
1041 3667 1086 3711 ex

138 3748 205 3812 Dei
235 3757 335 3830 parte
360 3751 518 3827 audacia,
549 3752 593 3813 ab
620 3752 705 3814 urbe
732 3768 854 3813 versus
878 3747 1087 3812 Ascalonem

137 3847 339 3929 procedunt,
361 3850 526 3914 audacter
541 3850 699 3914 hostibus
721 3856 950 3913 occurrentes.
1002 3846 1088 3910 Por-

138 3947 263 4012 tabant
275 3955 391 4013 autem
408 3968 523 4013 secum
546 3957 679 4033 partem
697 3950 784 4031 ligni
801 3949 993 4013 Dominicae
1010 3966 1088 4011 cru·

175 4139 335 4207 woldam]
352 4141 476 4206 Compare
496 4142 538 4194 the
553 4147 668 4192 contenta
684 4142 713 4192 oi
727 4143 770 4192 the
787 4146 889 4205 present
906 4141 1010 4205 chapter
1026 4142 1090 4204 with

139 4212 209 4264 will.
219 4211 250 4261 oi
256 4212 332 4275 Tyre,
343 4227 370 4274 p.
382 4215 439 4262 768.
922 4295 936 4334 ι
953 4285 968 4332 ²
