2820 4882
359 410 500 459 neonus
525 409 795 460 nrsronrsnuu.
988 393 1054 458 349

263 560 360 621 Seinte
375 560 479 630 Marie,
494 561 625 622 Christos
638 561 720 630 bour,
1066 583 1122 624 an.
1132 583 1190 623 uro.

264 657 413 715 Meidenes
429 657 557 728 elenhed,
571 657 701 716 moderes
716 658 798 727 fleur,
1066 634 1180 724 &daddus

263 752 400 811 Delivere
413 755 490 812 mine
504 774 622 824 sennen,
636 774 723 832 regne
738 756 768 812 in
781 755 840 811 min
854 754 930 824 mod,

265 849 372 928 Bringe
385 870 432 908 me
446 859 476 909 to
490 850 577 909 blisse
590 852 638 910 wit
652 851 695 910 thi
709 851 780 909 selfe
794 850 879 910 God’

103 1022 185 1087 Hoc
221 1022 394 1087 cauticum
430 1030 546 1104 potest
583 1022 649 1086 hoc
684 1024 786 1087 modo
822 1024 858 1087 in
892 1024 1055 1087 Latinum

102 1122 304 1204 transferri;
337 1122 491 1186 ‘Sancta
514 1121 641 1199 Maria,
657 1121 757 1204 virgo
779 1124 921 1200 munda,
946 1131 1057 1188 mater

102 1222 213 1287 Jhesu
238 1221 369 1286 Christi
391 1221 579 1298 Nazareni,
599 1222 749 1305 suscipe,
769 1222 893 1300 adduc,
920 1231 1056 1299 sancta,

104 1329 218 1387 tecum
244 1323 280 1385 iu
306 1320 374 1385 Dei
400 1340 557 1404 regnum.
621 1320 750 1386 Sancta
776 1322 903 1399 Maria,
927 1322 1057 1387 Christi

104 1422 291 1499 thalamus,
305 1421 485 1502 virginalis
502 1421 649 1504 puritas,
661 1421 782 1485 matris
798 1421 875 1500 flos,
890 1423 965 1487 dele
981 1442 1058 1487 mea

106 1522 264 1599 crimina,
285 1541 393 1604 regnu
410 1521 446 1584 in
470 1527 585 1585 mente
606 1539 697 1597 mea,
718 1521 783 1585 duc
805 1542 860 1586 me
883 1523 927 1586 ad
950 1522 1057 1587 felici·
1092 1557 1095 1561 ·

104 1629 214 1686 tatem
241 1641 319 1685 cum
343 1621 419 1685 solo
443 1619 545 1686 Deo.’
603 1619 775 1702 Praecepit
799 1622 917 1705 itaque
947 1630 1058 1687 mater

106 1721 249 1798 Christi,
272 1728 312 1784 ut
334 1719 495 1803 quotiens
518 1717 642 1797 dolori,
667 1721 772 1785 taedio
791 1721 848 1785 vel
873 1722 1059 1786 tentationi

105 1822 329 1886 succumbere
346 1819 558 1897 formidaret,
579 1819 645 1883 hoc
660 1838 698 1884 se
715 1821 851 1885 cantico
867 1822 1057 1900 solaretur3

106 1919 229 1984 ‘Nam
252 1919 328 1999 me,'
356 1920 483 2002 inquit,
504 1919 577 1984 ‘sic
602 1918 770 1983 invocans
792 1940 906 1983 meum
931 1921 1059 1986 senties

106 2026 309 2085 constanter
344 2013 538 2083 auxilium?
605 2018 741 2083 Deinde
774 2020 912 2102 signum
945 2022 1059 2084 crucis

107 2121 216 2202 capiti
242 2120 317 2203 ejus
345 2119 558 2201 imprimens,
580 2118 657 2202 ipso
682 2127 854 2196 cernente,
878 2120 913 2182 in
937 2120 1059 2184 caelum

107 2220 312 2296 ascendunt,
327 2218 467 2283 odorem
484 2219 516 2282 ei
533 2217 776 2282 suavissimum
793 2219 1037 2302 relinquentes.

126 2426 281 2502 Quomodo
296 2434 420 2490 sauctus
437 2422 589 2490 Godricus
603 2425 678 2489 duos
694 2435 826 2490 emrtuos
842 2427 1044 2492 resuscitavit.

161 2567 345 2632 Venerunt
361 2566 417 2630 die
431 2567 581 2649 quodam
593 2567 638 2630 ad
655 2566 827 2631 hominem
841 2568 906 2631 Dei
919 2569 972 2632 vir
982 2589 1060 2633 cum

111 2687 222 2732 uxore
244 2686 321 2745 sua,
344 2665 458 2749 ipsum
478 2667 746 2731 misericorditer
766 2669 997 2746 obsecrantes,
1022 2677 1060 2733 ut

111 2768 320 2834 resuscitare
342 2767 449 2830 filiam
469 2786 569 2831 suam
585 2774 758 2831 mortuam
774 2768 998 2850 dignaretur3
1025 2776 1061 2834 et

111 2887 238 2952 corpus
256 2867 415 2931 exanime
436 2865 478 2930 de
500 2885 602 2931 sacco
618 2868 834 2931 excutientes
850 2888 967 2932 coram
984 2870 1060 2951 ipso

111 2968 198 3032 illud
228 2967 460 3050 projecerunt.
512 2964 579 3029 Vir
602 2974 718 3030 autem
749 2967 903 3044 Domini,
931 2969 992 3051 qui
1016 2969 1060 3031 ad

112 3074 221 3135 tantae
237 3065 375 3129 virtutis
390 3084 477 3148 opus
503 3084 541 3129 se
558 3064 741 3150 judicabat
761 3066 953 3146 indignum,
975 3066 1061 3130 nihil

112 3165 302 3248 respondit,
318 3164 428 3227 sedin
450 3184 572 3247 agrum
595 3165 775 3247 processit,
797 3172 837 3229 ut
859 3171 1060 3229 consuetum

113 3272 291 3331 exerceret
310 3265 484 3345 laborem;
512 3265 564 3328 illi
592 3272 708 3329 autem
730 3265 891 3329 commoti
912 3283 1062 3329 recesse-

111 3373 208 3442 runt,
229 3383 354 3446 corpus
375 3364 608 3445 relinquentes
626 3365 663 3428 in
680 3365 832 3428 oratorio
846 3371 882 3428 et
895 3363 1061 3440 dicentes,

113 3465 283 3529 ‘Habeat
305 3464 453 3528 cadaver
468 3470 504 3526 et
521 3463 679 3540 infodiat,
690 3464 746 3528 vel
765 3463 852 3527 illud
862 3465 945 3529 vitae
961 3464 1061 3528 resti-

113 3571 202 3642 tuat,
226 3563 309 3645 quia
333 3570 452 3645 posset
474 3564 642 3627 suscitare
664 3564 695 3627 si
712 3563 839 3628 vellet.’
890 3563 1062 3628 Godricus

113 3682 257 3747 vespere
273 3663 412 3726 domum
429 3662 563 3726 rediens
579 3663 616 3726 in
629 3663 759 3745 angulo
774 3663 916 3728 oratorii
938 3682 1062 3746 corpus

112 3763 267 3842 invenit3
301 3762 346 3826 ad
375 3762 488 3825 Deum
511 3762 620 3844 igitur
639 3769 715 3827 tota
737 3762 850 3826 cordis
873 3762 1063 3826 intentione

112 3881 301 3928 conversus
335 3861 549 3926 orationibus
585 3863 692 3944 coepit
724 3861 867 3938 instare,
895 3868 934 3924 ut
966 3861 1063 3924 Deus

114 3963 344 4044 omnipotens
362 3961 423 4044 qui
438 3960 512 4025 vita
535 3962 686 4024 omnium
711 3968 765 4025 est
785 3969 821 4025 et
842 3961 949 4037 salus,
965 3961 1063 4043 puel-

113 4063 185 4127 lam
202 4062 365 4126 advitam
380 4079 543 4124 revocare
559 4060 769 4142 dignaretur.
805 4061 932 4124 Tribus
948 4067 1064 4123 autem

114 4163 236 4227 diebus
251 4169 286 4226 et
302 4161 393 4225 binis
409 4160 568 4226 noctibus
590 4160 656 4225 hoc
676 4180 780 4243 agere
803 4180 872 4224 non
894 4160 1064 4242 cessavit3
