2820 4882
383 399 448 463 346
632 416 768 464 uocum
796 417 843 463 ns
866 416 1073 466 wnnuovna

431 646 522 722 Quod
533 657 657 712 sauctus
675 648 829 712 tiedricus
843 647 932 732 apud
943 646 1253 732 Fluctubserurum
1265 657 1293 710 et

619 748 805 833 serpentium
818 748 917 812 socias
930 745 1093 812 habitauit.

434 868 631 936 Advertens
646 871 754 953 igitur
769 879 884 935 mente
901 871 994 954 quod
1015 870 1143 934 ibidem
1159 878 1254 935 esset
1265 871 1338 935 Do·

384 971 477 1035 mino
501 972 705 1049 serviturus,
726 972 768 1035 de
797 972 940 1036 licentia
965 964 1176 1052 ¹Ranulphi,
1201 970 1337 1034 Dunel·

383 1070 510 1133 mensis
532 1072 697 1152 episcopi,
718 1071 826 1154 juxta
850 1072 960 1153 ripam
977 1071 1076 1135 Weri
1100 1069 1253 1134 fluminis
1277 1090 1337 1134 ca·

383 1169 496 1233 sulam
513 1171 707 1252 composuit
720 1171 757 1234 in
772 1178 866 1235 terra
883 1170 1067 1248 defossam,
1083 1189 1188 1252 quam
1204 1171 1337 1252 cespite

383 1271 550 1347 contexit,
568 1278 604 1334 et
621 1270 728 1352 coepit
747 1270 794 1333 ibi
810 1269 978 1347 habitare,
988 1271 1201 1352 serpentium
1217 1269 1333 1334 socius

383 1376 419 1433 et
444 1369 614 1451 serarum;
647 1389 775 1452 magna
796 1370 933 1453 quidem
958 1377 994 1434 et
1015 1369 1189 1434 horribilis
1212 1369 1335 1434 aderat

383 1470 594 1551 serpentium
616 1470 815 1548 multitudo,
837 1470 1036 1534 mitissimas
1057 1489 1095 1533 se
1117 1478 1234 1534 tamen
1259 1469 1335 1534 viro

384 1569 451 1632 Dei
480 1570 741 1652 palpabilesque
764 1577 799 1634 et
819 1570 930 1652 ipsius
956 1570 1236 1652 obtemperantes
1256 1569 1336 1653 jus·

383 1669 537 1732 sionibus
560 1669 779 1734 exhibebant.
820 1669 1081 1752 Nonnunquam
1095 1688 1191 1746 vero,
1214 1688 1256 1733 eo
1278 1687 1335 1732 se·

383 1768 485 1832 dente
507 1768 551 1832 ad
577 1770 706 1851 ignem,
731 1790 769 1833 se
791 1770 883 1834 inter
907 1770 1017 1852 ipsius
1040 1769 1144 1834 tibias
1166 1768 1335 1833 extende·

383 1869 479 1945 bant,
504 1875 541 1931 et
565 1870 772 1952 quandoque
794 1871 832 1932 in
856 1869 952 1934 disco
977 1869 1094 1951 aliquo
1120 1869 1176 1933 vel
1202 1869 1335 1952 scypho

382 1968 531 2031 rotundo
548 1988 585 2032 se
601 1970 777 2034 schemate
793 1970 1057 2052 componebant.
1088 1968 1246 2051 Cumque
1259 1968 1336 2032 haec

384 2069 483 2131 annis
509 2068 681 2150 aliquibus
705 2070 914 2152 pertulisset,
931 2070 1044 2139 visum
1062 2076 1116 2132 est
1141 2069 1220 2146 sibi,
1240 2069 1335 2151 quod

383 2168 459 2252 ejus
474 2170 648 2233 orationes
667 2170 922 2252 impediebant;
949 2177 984 2233 et
1006 2169 1061 2233 die
1083 2169 1233 2251 quodam
1255 2169 1336 2233 illos

382 2268 486 2331 solito
508 2288 603 2332 more
623 2271 797 2352 reperiens
814 2269 934 2353 jussit,
957 2289 1000 2333 ne
1022 2269 1171 2350 amplius
1193 2268 1333 2332 domum

383 2387 481 2432 suam
511 2369 694 2447 intrarent,
725 2377 761 2434 et
793 2389 876 2433 mox
908 2377 1020 2434 totum
1050 2369 1136 2432 illud
1165 2369 1336 2432 vermium

382 2488 492 2549 genus
517 2469 569 2532 ita
595 2469 764 2546 discessit,
790 2470 882 2551 quod
907 2488 970 2533 nec
995 2469 1088 2532 ultra
1112 2487 1203 2532 casae
1229 2467 1335 2532 limen

383 2569 531 2632 transire
547 2570 776 2652 praesumpsit.
812 2569 963 2632 Munera
979 2588 1117 2652 quoque
1133 2569 1199 2632 sibi
1214 2569 1335 2633 oblata

382 2665 484 2749 plane
513 2670 645 2751 respuit
670 2678 705 2733 et
731 2670 874 2747 cibaria,
899 2669 942 2732 de
969 2669 1145 2733 laboribus
1167 2687 1335 2732 manuum

382 2768 500 2831 vivere
522 2768 709 2851 disponens
731 2789 846 2832 ramos
868 2777 904 2833 et
925 2769 1059 2833 radices
1081 2768 1266 2832 herbarum
1292 2770 1330 2832 in

383 2868 514 2931 cineres
532 2869 677 2951 redegit,
695 2889 782 2952 quos
797 2889 876 2934 cum
891 2869 1003 2933 farina
1024 2868 1143 2932 hordei
1164 2870 1217 2933 ita
1239 2888 1334 2932 com·

383 2968 533 3046 miscuit,
555 2975 596 3032 ut
619 2977 754 3052 partem
776 2970 914 3032 tertiam
938 2969 1070 3032 cineres
1089 2969 1333 3049 continerent;

382 3067 531 3131 insultus
564 3069 717 3133 libidinis
747 3068 944 3152 lachrymis,
966 3069 1096 3150 vigiliis
1127 3069 1271 3131 arcebat
1299 3077 1335 3132 et

378 3167 536 3250 jejuniis,
556 3169 608 3233 ita
630 3168 723 3251 quod
745 3169 947 3252 plerumque
969 3189 1031 3251 per
1052 3187 1114 3232 sex
1133 3167 1207 3231 dies
1224 3168 1335 3231 absti-

382 3274 479 3331 neret
500 3288 523 3332 a
552 3269 640 3332 cibo.
707 3267 795 3332 Post
817 3268 921 3333 sortia
945 3269 1094 3331 luxuriae
1117 3274 1335 3332 tentamenta

382 3375 528 3431 conatus
544 3375 598 3432 est
615 3388 693 3432 eum
710 3368 881 3446 diabolus,
903 3388 995 3433 nunc
1012 3385 1183 3450 apparens
1196 3367 1234 3430 iu
1248 3385 1333 3431 urso

381 3468 438 3530 vel
455 3468 567 3545 leone,
584 3469 726 3531 nuncin
749 3476 850 3532 tauro
866 3469 922 3533 vel
943 3469 1039 3550 lupo,
1060 3486 1151 3530 nunc
1173 3466 1212 3529 in
1227 3467 1333 3550 vulpe

382 3568 437 3630 vel
460 3568 599 3646 bufone,
623 3578 762 3646 terrere,
785 3569 845 3632 sed
868 3569 928 3632 ille
950 3568 1048 3633 sortis
1065 3568 1102 3630 in
1122 3566 1190 3630 fide
1215 3569 1333 3630 omnia

382 3669 645 3748 contemnebat3
674 3676 715 3733 ut
736 3676 851 3732 autem
873 3668 986 3732 carnis
1008 3665 1168 3730 incendia
1187 3686 1332 3749 supera·

382 3775 447 3843 ret,
462 3767 574 3832 cilicio
592 3788 731 3832 carnem
747 3769 931 3832 edomabat
948 3767 1148 3850 asperrimo,
1167 3774 1203 3831 et
1223 3767 1333 3831 lorica

381 3887 444 3948 per
473 3869 727 3950 quinquaginta
757 3887 925 3931 annorum
955 3867 1126 3931 curricula
1152 3868 1330 3932 utebatur.

382 3965 549 4048 Lapidem
570 3968 679 4031 latum
706 3968 825 4032 habuit
848 3988 910 4050 pro
938 3987 1070 4045 mensa,
1097 3985 1203 4048 super
1229 3985 1332 4048 quem

415 4142 576 4206 ¹Ruuulplri.]
589 4143 842 4203 Flambard;hewas
870 4146 942 4204 1999,
958 4141 1010 4190 and
1026 4141 1087 4190 died
1103 4142 1129 4190 in
1143 4146 1217 4193 1129.
1253 4143 1332 4206 Angl.

382 4213 545 4264 consecrated
562 4229 594 4262 on
612 4213 654 4263 the
671 4213 715 4262 ah
732 4213 761 4261 os
774 4213 843 4263 June
868 4213 937 4261 Sacr.
950 4213 968 4262 i.
978 4227 1004 4273 p.
1017 4216 1074 4260 795.
