2820 4882
385 371 453 441 432
635 389 769 437 nocam
795 390 842 436 nn
865 390 1074 438 wnunovnu

225 555 347 598 A·1>·1¹⁸⁸·
387 549 451 613 bus
489 549 628 628 nostris,
659 555 695 612 et
725 549 899 613 residuum
933 568 1052 631 regum
1086 548 1334 613 Saracenorum

387 655 505 713 nostro
527 655 581 712 est
599 648 754 730 imperio.
790 648 883 713 Nam
903 648 934 711 si
956 649 1197 712 mandaremus
1221 649 1336 714 excel*

387 746 587 812 lectissimis
609 748 749 828 regibus
780 747 1043 825 Saracenorum,
1067 768 1136 813 non
1159 748 1338 813 retrahent

387 867 425 911 se
448 866 470 911 a
491 848 613 927 nobis;
640 853 675 912 et
702 848 732 910 si
761 866 1054 912 summoneremus
1081 846 1267 930 Calipbam
1294 847 1338 910 de

389 947 532 1024 Baldac,
556 966 658 1030 quem
684 946 782 1010 Deus
804 948 929 1025 salvet,
951 947 993 1010 de
1017 949 1098 1012 sede
1120 948 1249 1012 excelsi
1273 947 1337 1010 im·

387 1047 474 1129 perii
501 1047 556 1110 sui
585 1052 788 1127 exsurgeret
809 1054 845 1111 et
867 1046 1001 1111 veniret
1024 1048 1060 1111 in
1085 1048 1254 1112 auxilium
1276 1066 1339 1111 eud

388 1146 557 1210 cellentiae
581 1153 729 1225 nostrae3
752 1153 789 1210 et
810 1165 874 1210 nos
896 1166 958 1229 per
978 1147 1142 1212 virtutem
1164 1147 1231 1215 Dei
1249 1147 1339 1211 obtia

388 1247 525 1311 nuimus
551 1244 771 1310 Hierusalem
795 1251 830 1309 et
852 1253 965 1310 terras
988 1247 1076 1330 ejus,
1103 1255 1138 1312 et
1160 1253 1340 1310 remanent

389 1345 502 1410 adbuc
528 1346 565 1408 in
591 1346 749 1409 manibus
773 1343 1047 1411 Christianorum
1070 1354 1140 1411 tres
1167 1345 1340 1422 civitates,

388 1445 517 1529 TyruS,
542 1445 695 1527 Tripolis
716 1452 752 1509 et
767 1443 967 1524 Antiochia,
990 1455 1033 1530 et,
1044 1447 1087 1512 de
1110 1447 1175 1510 biis
1195 1466 1266 1510 non
1286 1454 1340 1510 est

389 1544 483 1608 aliud
498 1543 565 1608 nisi
581 1552 622 1608 nt
637 1545 831 1627 capiantur.
859 1544 1028 1610 Attamen
1043 1546 1074 1610 si
1090 1546 1217 1610 bellum
1231 1545 1340 1610 vultis

389 1651 426 1708 et
445 1645 476 1707 si
496 1644 593 1708 Deus
609 1645 769 1721 voluerit,
790 1651 831 1708 ut
848 1645 893 1708 sit
914 1665 976 1727 per
992 1645 1208 1710 voluntatem
1229 1665 1342 1722 suam,

390 1750 426 1808 et
438 1744 529 1827 quod
545 1752 654 1808 totam
668 1752 795 1809 terram
813 1742 1088 1809 Christianorum
1106 1745 1343 1828 adquiramuS,

390 1845 606 1909 obviabimus
628 1846 719 1909 sicut
741 1844 906 1926 scriptum
929 1846 1041 1909 estin
1065 1845 1186 1909 charta
1202 1852 1341 1926 vestra3

389 1964 509 2008 verum
529 1945 559 2007 si
582 1963 645 2008 nos
668 1944 820 2007 debono
840 1945 936 2026 pacis
962 1945 1223 2028 requisiveritis,
1245 1963 1346 2009 man-

390 2043 519 2107 dabitis
552 2043 832 2126 procuratoribus
868 2044 1014 2108 istorum
1050 2045 1154 2108 trium
1186 2044 1344 2108 locorum

389 2144 644 2226 praedictorum,
663 2150 704 2207 ut
724 2161 766 2207 ea
788 2143 886 2206 nobis
904 2143 979 2207 sine
999 2144 1271 2208 contradictione
1288 2165 1345 2208 re-

390 2244 542 2325 signent,
564 2250 599 2308 et
622 2243 721 2308 vobis
745 2249 902 2306 sanctam
926 2262 1061 2307 crucem
1086 2242 1281 2320 reddemus,
1305 2253 1343 2310 et

389 2342 610 2417 liberabimus
627 2361 747 2406 omnes
763 2342 921 2424 captivos
938 2341 1166 2420 Christianos
1180 2344 1241 2426 qui
1258 2353 1344 2409 sunt

389 2443 426 2505 in
441 2449 517 2507 tota
535 2451 628 2508 terra
647 2450 778 2519 nostra,
796 2449 832 2505 et
848 2442 1087 2524 permittemus
1104 2443 1201 2508 vobis
1223 2444 1266 2507 ad
1286 2463 1343 2508 se-

390 2542 570 2624 pulchrum
593 2561 699 2605 unum
723 2541 949 2619 sacerdotem,
969 2549 1005 2606 et
1028 2542 1208 2606 reddemus
1232 2543 1342 2606 abba-

391 2641 458 2705 tias
485 2660 564 2724 quae
591 2641 751 2705 solebant
780 2660 857 2705 esso
886 2641 923 2704 in
950 2648 1103 2724 tempore
1132 2642 1341 2723 paganismi,

391 2747 429 2804 et
439 2741 567 2804 bonum
581 2741 630 2804 eis
647 2740 823 2817 faciemus,
841 2747 877 2805 et
893 2741 1129 2822 permittemus
1144 2740 1261 2805 venire
1278 2761 1341 2823 pe-

390 2840 547 2921 regrinos
566 2840 602 2903 in
620 2847 696 2904 tota
712 2841 786 2904 vita
805 2847 937 2917 nostra,
955 2847 991 2904 et
1010 2840 1209 2904 habebimus
1225 2842 1340 2905 vobis-

392 2959 470 3002 cum
493 2959 624 3022 pacem.
677 2939 809 3004 Charta
829 2940 904 3003 haec
926 2940 1058 3022 scripta
1081 2939 1147 3004 fuit
1169 2959 1260 3004 anno
1282 2942 1341 3004 ad-

391 3047 516 3104 ventus
539 3039 717 3122 prophetae
740 3040 850 3104 nostri
872 3037 1054 3103 Mahumet
1070 3040 1338 3123 quincentesimo

391 3139 627 3221 octuagesimo
641 3147 780 3222 quarto,
797 3140 911 3220 gratia
928 3139 996 3204 Dei
1010 3139 1143 3204 solius!

394 3305 484 3381 Quod
496 3306 611 3384 (luido,
625 3327 679 3370 rec
693 3304 993 3390 Hierosolymorum,
1009 3328 1030 3370 a
1045 3287 1165 3370 cursore
1180 3301 1342 3368 l'borctur.

230 3447 370 3496 metuent
454 3424 601 3495 Eodem¹
631 3450 723 3495 anno
752 3428 881 3506 Guido,
913 3449 976 3494 rex
1009 3427 1343 3509 Hierosolymamm,

230 3498 349 3538 Jerusalem

229 3548 324 3588 romeu
394 3550 471 3594 cnm
488 3531 580 3613 apud
598 3531 809 3595 Damascum
825 3550 887 3612 per
902 3549 1031 3593 annum
1046 3528 1205 3592 detentus
1220 3526 1345 3592 fuisset

230 3597 371 3648 ‘mmmm'
393 3630 430 3693 in
442 3629 602 3708 vinculis,
615 3630 821 3694 Salaadinus
838 3630 902 3692 sub
916 3628 978 3692 tali
996 3628 1092 3691 illum
1106 3626 1269 3710 pactione
1286 3628 1344 3690 ab·

394 3729 511 3807 solvit,
528 3737 581 3806 ut,
598 3730 758 3813 abjurato
776 3748 895 3810 regno,
912 3747 1007 3792 mare
1025 3726 1247 3811 quamcitius
1264 3746 1345 3807 pro·

393 3828 543 3912 scriptus
571 3830 761 3908 transiret3
792 3829 882 3891 banc
911 3827 1106 3910 pactionem
1139 3825 1344 3889 cassandam

394 3928 506 3998 clerus
525 3929 623 4010 regni
643 3928 822 4005 deliberat,
840 3947 903 3992 neo
920 3927 969 3991 ibi
989 3926 1089 3990 fidem
1108 3944 1184 3988 esse
1204 3942 1345 3989 servan-

430 4099 542 4152 ¹Eodem
552 4103 650 4166 anm]
673 4102 798 4164 Compare
815 4101 858 4151 the
884 4102 956 4152 Will.
973 4101 1002 4151 of
1016 4102 1099 4164 Tyre3
1115 4101 1242 4164 Marione,
1253 4115 1278 4150 v.
1296 4099 1345 4150 col.

394 4177 501 4221 account
523 4174 556 4234 by
579 4172 622 4222 the
651 4173 810 4222 continuator
832 4171 862 4221 or'
885 4176 942 4222 611.
