2820 4882
441 412 579 461 ruouus
602 413 872 463 ursrouruuuu.
1064 399 1130 464 4⁶23

258 643 308 706 Do
322 642 461 727 captione
474 650 586 708 oouoiae
600 645 702 708 orceis
714 654 743 709 a
760 647 840 732 rupis
851 647 1049 712 Hierusalem

535 765 556 807 a
572 743 759 810 eubodio.

228 859 401 930 Audiens¹
417 874 531 931 autem
548 866 768 945 Salaadinus,
790 869 883 951 quod
905 889 968 933 rex
990 870 1026 933 in
1049 889 1128 935 suo·
1141 885 1264 975 goinp·

178 984 316 1030 cursum
344 967 479 1031 veniret
501 968 733 1045 obsessorum,
759 970 977 1033 venientibus
1001 969 1128 1033 audac·
1141 941 1242 1026 ciiii&

181 1073 234 1129 ter
253 1066 414 1144 occurrit,
436 1076 484 1143 et,
506 1086 583 1131 cum
605 1068 723 1131 cosin
746 1069 899 1151 scopulis
913 1069 1076 1150 'angustis
1094 1076 1130 1134 et

180 1167 365 1248 praeruptis
378 1166 530 1231 inclusos
542 1167 776 1249 cognovisset,
788 1187 856 1232 non
871 1169 975 1251 longe
990 1188 1013 1232 a
1026 1168 1130 1232 Tibe-

181 1265 287 1342 riade,
298 1266 335 1329 in
351 1266 428 1331 loco
443 1267 504 1348 qui
519 1266 744 1331 Maresoallia
756 1267 893 1345 dicitur,
908 1268 945 1331 in
959 1268 1052 1350 regis
1068 1287 1129 1333 ex·

181 1366 324 1430 ercitum
345 1366 446 1431 irruit
464 1365 697 1446 confidenter-3
723 1368 831 1449 igitur
844 1366 1032 1432 Christiani
1050 1367 1130 1432 hos·

182 1473 235 1528 tes
250 1465 397 1530 viriliter
411 1474 634 1550 exceperunt,
651 1474 818 1550 quantum
833 1468 988 1533 locorum
1004 1486 1129 1550 angus-

182 1566 240 1629 tiae
255 1567 513 1648 permittebant.
566 1566 767 1648 Pugnatum
784 1575 839 1632 est
854 1569 981 1633 acriter
996 1569 1078 1632 hinc
1094 1575 1131 1633 et

181 1665 259 1730 inde
275 1672 311 1729 ct
331 1673 535 1730 corruerunt
551 1666 736 1745 interfecti,
759 1675 888 1746 tamen,
910 1669 1130 1750 exigentibus

183 1763 458 1830 Christianorum
484 1767 649 1849 peccatis,
677 1768 862 1849 praevaluit
886 1769 1024 1832 tandem
1049 1786 1131 1851 pare

180 1865 362 1946 adversa3
397 1885 488 1944 nam,
520 1874 560 1931 ut
588 1867 699 1945 aiunt,
731 1885 847 1931 comes
875 1867 1129 1950 Tripolitanos,

184 1965 316 2030 militiae
343 1966 515 2049 princeps,
538 1966 706 2031 vexillum
731 1967 822 2048 regis
845 1967 1028 2031 interram
1050 1987 1130 2050 pro·

182 2066 305 2130 ditiose
338 2064 522 2130 demittens
556 2065 773 2131 Christianos
804 2067 886 2132 fecit
913 2067 1032 2149 fugam
1059 2087 1131 2131 me·

182 2166 297 2242 ditari,
330 2165 391 2229 sed
421 2185 491 2249 quo
524 2166 697 2248 sugerent,
731 2167 797 2231 nisi
828 2168 865 2230 in
897 2166 1027 2244 hostes,
1062 2186 1131 2231 non

183 2265 358 2329 habentes.
422 2265 503 2330 Rex
531 2265 648 2331 Guido
676 2272 800 2348 captus
831 2273 885 2330 est
916 2286 995 2331 cum
1030 2285 1130 2330 cruce

181 2371 315 2444 sancta,
331 2372 366 2429 et
382 2367 493 2429 omnis
508 2365 694 2430 multitudo
717 2384 835 2430 eorum
860 2373 964 2448 capta
986 2366 1052 2429 snit
1075 2365 1131 2430 vel

183 2465 308 2546 gladiis
331 2465 535 2545 interfecta3
558 2472 745 2530 evaserunt
761 2472 878 2530 tamen
892 2467 937 2530 ab
952 2465 1017 2530 hac
1032 2465 1131 2529 clade

183 2585 297 2629 comes
314 2565 552 2647 Tripolitanos
574 2565 656 2629 licet
677 2566 835 2630 omnibus
856 2574 1052 2650 suspectus,
1069 2565 1131 2628 do·

182 2666 296 2731 minus
319 2665 536 2747 Reginaldus
559 2665 709 2747 Sydonis
734 2674 914 2750 patronus,
941 2676 1048 2750 atque
1069 2665 1132 2728 (ἰο-Ι

182 2766 296 2829 minus
331 2765 499 2830 Balianns
536 2785 615 2829 cum
654 2767 775 2848 paucis
804 2766 969 2831 fratribus
1000 2765 1132 2829 militiae

183 2865 331 2948 Templi.
379 2865 490 2930 Facta
504 2873 558 2930 est
575 2872 690 2930 autem
708 2865 783 2929 haec
805 2866 931 2930 misera
953 2865 1034 2930 belli
1051 2884 1133 2929 con·

184 2966 316 3048 gressio
337 2965 460 3047 quinto
482 2966 615 3030 scilicet
637 2973 673 3030 et
690 2972 816 3048 quarto
838 2983 948 3028 nonas
965 2965 1066 3042 Julii,
1079 2965 1133 3027 in·

184 3065 237 3129 fra
258 3072 401 3130 octavas
425 3065 661 3148 apostolorum
685 3064 782 3131 Petri
801 3071 836 3128 et
851 3064 965 3128 Pauli.
1011 3064 1135 3128 Evasit

184 3168 286 3230 etiam
311 3166 355 3228 ab
376 3166 441 3229 hac
463 3165 561 3230 clade
582 3164 831 3243 Theodericus,
854 3164 1026 3246 Magister
1047 3163 1135 3227 mili-

185 3267 243 3330 tiae
259 3260 408 3348 Templi,
430 3267 490 3348 qui
514 3272 632 3329 tamen
651 3267 728 3347 ipso
750 3265 806 3328 die
830 3264 997 3328 ducentos
1017 3271 1052 3328 et
1075 3264 1137 3327 tri·

184 3367 282 3448 ginta
307 3365 350 3429 de
377 3366 542 3430 fratribus
570 3367 699 3431 amisit
745 3364 870 3429 Comes
896 3363 1135 3447 Tripolitanae

184 3465 248 3530 hoc
273 3465 366 3547 quod
392 3465 467 3529 sine
497 3465 678 3547 sanguinis
710 3464 876 3530 effusione
902 3470 1073 3541 evaserat,
1100 3463 1136 3527 in

184 3572 426 3647 argumentum
455 3567 657 3631 sumebatur
681 3572 803 3630 contra
829 3565 957 3647 ipsum,
980 3563 1072 3646 quod
1101 3563 1138 3626 in

184 3685 301 3746 regem
323 3672 359 3729 et
375 3666 541 3748 populum
556 3666 623 3729 Dei
646 3665 834 3749 proditiose
855 3665 995 3747 egisset,
1034 3661 1139 3745 Capti

184 3776 267 3830 sunt
282 3767 386 3831 etiam
407 3784 486 3829 oum
502 3784 604 3830 cruce
627 3766 704 3850 ejus
724 3765 938 3849 bajulatores
956 3763 1138 3845 episcopus

222 3993 369 4060 ¹Audieur.]
387 3995 512 4058 Compare
524 3994 650 4057 Neubrig.
677 3991 812 4057 preserved
831 4006 848 4040 u
868 3990 943 4040 letter
964 3987 1026 4037 from
1046 4002 1093 4037 one
1116 3988 1145 4037 of

185 4067 223 4116 iii.
242 4067 256 4129 ς
269 4071 309 4129 11,
326 4067 451 4116 Bernard.
466 4066 591 4115 Thesaur.
603 4066 651 4114 col.
678 4063 720 4112 the
730 4062 873 4131 Templum,
885 4061 972 4124 giving
987 4073 1020 4108 an
1036 4061 1143 4108 account

186 4141 245 4198 190,
255 4137 314 4188 Juc.
326 4137 358 4186 de
369 4137 493 4196 Vitriaco,
505 4139 579 4196 1111,
589 4135 652 4185 vritb
678 4134 707 4184 of
715 4135 785 4184 these
797 4136 892 4183 events.

188 4207 323 4270 Hoveden,
334 4223 360 4269 p.
372 4211 430 4269 636,
444 4206 529 4256 where
545 4205 615 4256 thero
630 4207 653 4255 is
757 4201 759 4205 '
