2820 4882
422 411 561 460 rcours
584 413 854 466 ursroaruauu.
1065 407 1111 470 55

162 575 236 632 tata
252 575 318 646 est,
332 569 390 632 cui
411 569 570 633 tradatur
584 570 752 634 ostende'
803 570 872 634 His
887 575 1241 656 quomedo-uuor.

162 670 216 745 tis,
243 667 313 733 levi
336 676 434 733 tactu
464 678 578 735 tentat
608 679 750 734 sanctus
772 672 908 754 virgam
939 675 1108 757 accipere,
1119 647 1224 738 &fidia

160 787 237 850 qua>
259 789 343 832 mox
366 789 508 834 manum
537 771 613 853 ejus
639 778 761 835 secuta
785 773 929 850 exsiliit,
952 791 994 837 ac
1017 775 1106 839 siin

160 868 256 932 molli
272 869 349 932 luto
361 869 484 934 fuisset
495 870 683 952 impressa:
700 880 886 936 accurrunt
896 892 960 936 rex
971 881 1008 937 et
1019 894 1106 957 pon-

160 967 260 1046 tifex,
276 971 444 1051 prostrati
463 989 485 1034 a
500 970 661 1035 Wlstano
678 971 846 1053 [veniam]
864 982 1037 1053 quaerunt,
1053 982 1107 1039 at-

160 1088 226 1150 que
248 1069 362 1134 sancti
375 1071 536 1152 precibus
554 1089 591 1134 se
611 1071 873 1150 commendant3
902 1079 939 1135 at
958 1073 1029 1149 ille,
1046 1076 1106 1155 qui

160 1169 330 1233 didicerat
353 1189 374 1233 a
391 1170 542 1234 Domino
562 1171 654 1233 mitis
675 1190 751 1234 esse
773 1179 809 1235 et
831 1171 969 1235 humilis
990 1173 1106 1251 corde,

158 1270 244 1352 ipsis
260 1288 360 1350 aeque
374 1277 570 1352 prostratus
585 1289 608 1333 a
619 1278 716 1335 tanto
731 1271 976 1353 archipraesule
993 1292 1031 1336 se
1047 1275 1106 1338 be-

159 1369 272 1432 nedici
287 1377 462 1451 precatur.
512 1369 613 1433 Tunc
633 1391 697 1434 rex
712 1369 921 1448 WillelmuS,
938 1372 974 1434 in
990 1392 1106 1439 amore

160 1469 301 1550 cognati
320 1470 373 1532 sui
387 1471 500 1533 san'cti
514 1469 701 1534 Eadwardi
714 1490 912 1550 succensuS,
929 1474 1106 1537 sanctissi-

159 1589 253 1633 mum
276 1569 353 1652 ejus
375 1568 605 1652 sepulchrum,
623 1590 708 1634 auro
725 1577 760 1633 et
778 1585 922 1652 argento
939 1573 1107 1637 fabrefac-

160 1677 246 1747 tum,
263 1669 351 1734 miro
365 1668 482 1733 studio
499 1669 686 1734 decoravit.

393 1844 443 1909 Dc
457 1845 594 1908 transito
606 1846 707 1909 coacti
729 1844 874 1910 Wlstcci.

205 1968 290 2035 Alia
307 1977 424 2033 autem
441 1969 516 2032 vice
531 1969 586 2033 vir
602 1969 743 2035 Domini
759 1970 942 2035 Wlstanus
962 1970 998 2032 in
1023 1960 1105 2034 c'on·

156 2071 235 2134 cilio
251 2069 444 2134 Wintoniae
466 2069 593 2146 habito,
617 2090 699 2151 rege
712 2069 889 2133 Willelmo
903 2069 1049 2151 jubente
1071 2078 1108 2135 et

157 2169 359 2234 Alexandro
374 2186 466 2250 papa
480 2170 728 2246 consentiente,
744 2171 981 2252 possessiones
999 2171 1106 2251 phiri-

159 2289 233 2334 mas
258 2269 313 2332 sui
340 2269 560 2351 episcopatus
589 2269 760 2333 instanter
789 2269 940 2351 repetiit,
972 2271 1016 2333 ab
1040 2269 1105 2333 Al·

158 2370 277 2446 dredo,
292 2369 505 2433 Eboraccusi
520 2369 792 2451 archiepiscopo,
808 2369 978 2434 violenter
990 2378 1104 2434 reten-

160 2477 212 2534 tas
235 2470 319 2533 dum
344 2470 387 2533 ab
412 2468 559 2532 ecclesia
579 2469 814 2550 Wigorniensi
840 2469 884 2532 ad
907 2470 1104 2534 Eboracen-

159 2590 229 2634 sem
244 2568 465 2646 transfertur,
480 2588 559 2650 quac
570 2577 666 2646 tunc,
679 2567 831 2633 Aldredo
845 2569 1104 2653 archiepiscopo

159 2670 332 2744 defuncto,
359 2671 396 2732 in
422 2670 552 2750 regiam
577 2670 789 2733 devenerant
815 2677 1044 2752 potestatcm3
1068 2678 1104 2735 et

159 2790 235 2834 cum
261 2769 340 2834 inde
362 2769 534 2852 justitiam
558 2769 623 2832 sibi
647 2768 722 2832 fieri
749 2769 935 2851 flagitaret,
967 2769 1103 2852 adjudi-

159 2878 274 2936 catum
301 2877 354 2933 est
369 2869 521 2945 tandem,
537 2876 577 2932 ut
593 2869 671 2951 ipsa
688 2870 830 2952 querela
848 2871 898 2933 sic
912 2878 1105 2935 remaneret

158 2989 338 3054 quousque
360 2970 397 3033 in
421 2969 633 3033 Eboraccusi
658 2969 804 3034 ecclesia
825 2971 1104 3048 constitueretur,

93 3129 98 3133 .
158 3073 215 3153 qui
225 3071 426 3152 loqueretur
436 3089 499 3151 pro
511 3088 563 3132 ea.
593 3069 651 3145 Et,
661 3089 731 3132 non
745 3069 854 3133 multo
868 3078 958 3152 post,
970 3069 1105 3133 Thoma

157 3172 248 3253 regis
264 3170 444 3252 capellano
461 3170 505 3232 ad
521 3169 774 3232 Eboracensem
794 3170 972 3232 ecclesiam
995 3169 1104 3232 archi·

156 3272 319 3353 episcopo
341 3276 553 3344 consecrato,
570 3276 666 3331 mota
683 3275 736 3331 cst
752 3269 875 3332 iterum
892 3268 1031 3350 querela
1053 3287 1107 3330 re-

157 3369 298 3434 verendi
319 3368 484 3444 Wlstani,
507 3362 762 3448 wigorniensis
784 3368 948 3450 episcopi,
963 3368 1000 3430 in
1023 3387 1105 3432 con·

158 3471 236 3534 cilio
268 3469 359 3551 apud
393 3467 585 3531 Pedredam
615 3468 799 3544 celebrato,
829 3486 944 3530 coram
966 3487 1047 3549 rege
1070 3477 1107 3532 ct

156 3569 415 3652 archiepiscopo
432 3567 701 3643 Doroberuensi,
717 3574 822 3649 atque
835 3567 1040 3648 primatibus
1054 3575 1104 3631 to

156 3671 225 3733 tius
244 3669 343 3750 regni
368 3667 648 3751 adjudicantibus
666 3667 850 3730 terminata
873 3675 947 3744 est3
971 3668 1105 3731 cunctis

156 3775 271 3833 tamen
296 3769 655 3849 argumentationibus
682 3766 835 3830 falsitate
861 3767 1011 3848 stipatiS,
1029 3767 1105 3848 qui-

157 3870 221 3933 bus
240 3868 393 3932 Thomas
417 3867 561 3951 ejusque
575 3866 729 3930 fautores
747 3865 1026 3947 Wigorniensem
1051 3886 1107 3932 ec-

158 3969 298 4033 clesiam
325 3967 514 4050 deprimere
539 3974 574 4030 et
594 3985 670 4028 cam
693 3966 874 4029 ecclesiam
896 3965 1106 4031 Eboracensi

158 4068 328 4153 subjicere
340 4068 559 4149 satagebant,
567 4067 664 4150 justo
677 4066 744 4129 Dei
752 4064 884 4148 judicio
895 4066 1107 4130 adnihillatis

158 4177 192 4233 et
206 4168 367 4233 contritis
381 4174 418 4231 et
433 4168 571 4250 scriptis
593 4166 859 4230 evidentissimis
879 4167 1038 4244 cassatis
1054 4167 1109 4230 vir
