2820 4882
417 407 556 457 rnonus
579 408 853 461 msronmnuu·
1040 398 1107 464 369

155 561 309 639 fretavit,
332 571 369 628 et
387 562 589 629 duodecimo
605 564 773 631 kalendas
787 568 998 653 Septembris
1013 573 1105 655 apud
1120 587 1174 629 Ab.
1186 589 1242 630 ¹¹⁷2·

154 661 372 726 Wintoniam
406 664 590 746 praefatam
619 666 857 747 Margaretam
893 669 1108 749 Rothrodus,

154 759 449 844 Rotbomagensis
471 764 762 849 archiepiscopus,
787 769 824 830 in
851 771 1005 851 reginam
1030 770 1106 836 An·

153 859 247 941 glise,
263 860 538 926 ministrantibus
561 863 628 927 sibi
647 865 853 948 quibusdam
877 869 1105 952 suffraganeis

153 958 417 1025 (lantuuriensis
430 961 598 1040 ecclesiae,
614 966 842 1030 consecravit.
896 968 1028 1033 Eodem
1042 976 1105 1034 an·

153 1078 200 1122 no
222 1057 435 1138 Gilebertus,
461 1061 713 1127 Londoniensis
735 1065 931 1148 episcopus,
948 1071 1105 1150 praestito

148 1157 350 1241 juramento
373 1160 465 1242 quod
486 1168 633 1226 mortem
655 1164 748 1227 beati
770 1164 915 1230 Thomae
941 1169 1103 1251 martyris

153 1277 218 1320 nec
239 1259 358 1336 verbo,
383 1278 447 1323 nec
470 1259 576 1337 facto,
605 1281 668 1325 nec
696 1264 826 1346 scripto
849 1266 999 1332 scienter
1024 1288 1104 1351 pro·

152 1357 302 1435 curavit,
317 1377 380 1423 suo
395 1367 449 1424 est
466 1358 578 1424 officio
595 1361 789 1427 restitutus.

154 1531 246 1606 Quod
255 1532 410 1598 dodonaeas
416 1535 510 1618 filius
524 1537 605 1621 rapis
619 1557 742 1602 acorem
755 1538 858 1617 ducit,
875 1549 903 1604 et
916 1540 954 1604 de
968 1540 1105 1606 electione

387 1635 622 1700 Ouerourimsis
635 1637 869 1724 archiepiscopi.

214 1754 318 1820 Anno
334 1757 478 1822 Domini
496 1774 685 1822 ncnxxln.
709 1778 772 1822 rex
788 1758 984 1842 Anglorum
1003 1759 1104 1824 Hen—
1116 1771 1256 1861 gffflljgfin

151 1855 246 1919 ricus
270 1855 293 1920 J
296 1857 426 1921 chunni
448 1857 519 1922 filio
549 1877 626 1935 suo,
650 1867 878 1940 cognomento
897 1860 1103 1938 Sine-terra,
1114 1872 1230 1912 betrothed·

151 1955 213 2018 vix
235 1964 437 2039 septennem
457 1950 579 2021 ¹filiam
609 1957 762 2022 Huberti
792 1958 928 2022 comitis
952 1958 995 2022 de
1022 1959 1102 2023 Mo·

153 2054 254 2118 riana
283 2057 563 2139 primogenitam,
596 2076 701 2138 quam
731 2076 776 2121 ex
806 2058 928 2121 relicta
957 2056 1102 2122 Henrici

151 2153 250 2218 ducis
280 2154 444 2220 Saxoniee
474 2155 675 2233 sustulerat,
700 2156 738 2219 in
767 2176 930 2239 sponsam
955 2158 1101 2239 accepit.

153 2252 284 2318 E'odem
307 2256 412 2320 etiam
437 2274 528 2319 anno
548 2248 755 2332 ²Robertus,
774 2257 881 2320 abbas
905 2257 1101 2334 Beccensis,

152 2352 263 2435 pridie
284 2373 393 2419 nonas
412 2355 451 2418 M
454 2355 535 2420 artii
554 2354 647 2438 apud
667 2355 921 2433 Lamehitham,
948 2375 1101 2439 praesen·

152 2452 246 2516 tibus
268 2453 495 2536 suffraganeis
518 2453 672 2520 ecclesiae
691 2453 962 2532 Cantuariensis,
985 2456 1021 2519 in
1045 2475 1101 2520 ar-

153 2552 409 2636 chiepiscopum
428 2553 584 2637 praesatae
606 2553 761 2619 ecclesiae
784 2562 838 2619 cst
860 2555 1014 2635 electus3
1041 2556 1102 2619 sed

153 2653 262 2716 abbas
293 2653 353 2717 ille
382 2653 541 2718 electioni
571 2654 674 2718 factae
708 2655 846 2736 penitus
878 2655 1103 2733 contradixit,

152 2760 268 2816 utrum
296 2753 592 2836 pusillanimitatis
615 2754 755 2831 intuitu,
772 2773 818 2817 an
842 2754 1029 2836 religioniS,
1051 2755 1104 2818 in-

153 2860 297 2916 certum.
359 2852 491 2917 Eodem
511 2872 605 2916 anno
625 2872 687 2917 rex
709 2853 884 2917 Henricus
902 2854 1044 2938 juvenis
1066 2855 1100 2918 in
1115 2872 1259 2912 assensum

151 2951 296 3015 consilio
318 2953 436 3017 abiens
461 2952 645 3034 impiorum
667 2952 819 3016 animum
837 2972 937 3015 suum
959 2959 980 3016 a
1003 2960 1101 3035 patre
1114 2925 1231 3022 {pureum

150 3049 305 3129 divertit,
332 3051 432 3116 etad
454 3071 611 3115 socerum
628 3071 728 3115 suum
748 3069 864 3132 regem
889 3051 1102 3115 Francorum

150 3149 319 3230 secessit3
352 3170 422 3232 quo
442 3151 547 3228 facto,
567 3150 764 3215 Richardus
786 3150 860 3214 dux
878 3147 1102 3231 Aquitanniae

152 3256 188 3312 et
215 3247 407 3314 Gausridus
436 3269 552 3315 comes
578 3251 784 3327 Britanniae,
808 3250 952 3314 consilio
981 3252 1103 3315 matris

151 3368 238 3427 suae,
251 3356 292 3413 ut
306 3350 497 3427 dicebatur,
512 3348 659 3413 Alienor
672 3349 813 3431 reginae,
828 3349 969 3413 fratrem
986 3350 1104 3433 potius

151 3448 332 3530 elegerunt
357 3449 455 3531 sequi
483 3468 587 3531 quam
613 3455 759 3530 patrem.
822 3449 929 3512 Fiunt
949 3449 1102 3532 undique

151 3548 421 3632 conjurationes,
435 3549 523 3613 liunt
540 3548 673 3630 rapinae
691 3556 727 3612 et
748 3548 919 3626 incendia,
937 3556 972 3613 et
987 3549 1049 3626 sic,
1064 3556 1105 3614 ut

150 3648 316 3726 creditur,
333 3649 371 3711 in
386 3648 553 3713 ultionem
572 3649 666 3723 beuti
688 3647 832 3711 Thomee
847 3649 1009 3730 martyris
1029 3668 1106 3712 sus·

149 3746 275 3811 citavit
296 3746 395 3812 Deus
412 3748 548 3813 viscera
571 3749 663 3830 regis
690 3747 836 3813 Henrici
863 3755 985 3812 contra
1014 3767 1104 3825 eum,

190 3973 304 4027 'Filium
322 3979 432 4029 Huberti
451 4017 457 4031 .
475 4017 481 4032 .
498 4016 505 4031 .
525 3981 619 4045 primo·
642 3981 702 4031 died
724 3981 809 4031 before
834 3983 877 4032 the
906 3982 1031 4044 marriage
1053 3998 1107 4032 was

148 4047 260 4109 genitum
268 4049 291 4111 ,·]
308 4049 393 4110 Alice,
399 4051 442 4100 the
449 4052 520 4100 elder
529 4052 558 4100 ol
565 4056 616 4100 two
643 4052 840 4102 consummated.

150 4116 298 4179 daughters,
304 4119 412 4182 cobeirs,
419 4119 449 4169 oi
458 4121 568 4185 Hubert,
574 4121 616 4170 the
681 4118 841 4186 'Robertusd
861 4121 986 4184 Compare
998 4121 1107 4174 Gervas.

150 4187 244 4237 second
257 4190 311 4237 earl
327 4188 357 4238 ol
371 4190 531 4242 Maurienna
567 4191 618 4259 Sbe
646 4191 696 4241 col.
708 4195 781 4241 142³.

205 4294 284 4342 von.
305 4296 345 4345 11.
899 4282 957 4348 21³
