2820 4882
311 412 354 476 14
569 427 703 474 nocam
728 426 775 471 nu
798 425 1005 471 wnuoovun

147 603 202 642 A-D·
214 603 270 643 1⁰⁷4.
311 594 367 650 tus
397 587 540 670 mystice
567 585 628 648 illa
658 585 825 660 vivificat,
853 603 916 646 uec
940 584 1109 646 bonorum
1133 581 1266 646 meritis

311 685 578 770 amplificantur,
595 705 658 748 nec
675 685 826 767 peccatis
840 683 1009 746 malorum
1026 690 1265 746 attenuantur.

311 786 367 849 Ex
384 805 454 869 qua
476 807 513 849 re
533 793 603 850 tam
630 805 737 867 grave
759 785 870 847 oritur
888 783 1164 859 scandalum,‘ut
1187 783 1264 844 nul-

309 886 377 949 lius
398 886 539 950 haeresis
563 892 716 967 tempore
740 891 862 947 sancta
882 883 1028 947 ecclesia
1044 883 1198 964 graviori
1219 882 1264 945 sit

310 986 495 1049 schismate
518 985 674 1061 discissa,
703 984 757 1046 his
782 1004 844 1065 pro
867 983 1018 1065 justitia,
1047 982 1116 1044 illis
1141 989 1264 1044 contra

305 1085 479 1168 justitiam
506 1087 712 1166 agentibus3
741 1103 844 1165 porro
866 1084 986 1165 paucis
1014 1081 1263 1147 continentiam

308 1185 585 1261 observantibus,
603 1185 776 1266 aliquibus
797 1203 873 1246 eam
891 1202 997 1246 causa
1019 1183 1107 1245 lucri
1127 1201 1169 1244 ac
1188 1182 1263 1265 jac·

309 1286 430 1349 tantiae
454 1285 710 1360 simulantibus
733 1283 851 1346 multis
877 1281 1160 1347 incontinentiam
1184 1301 1262 1362 per-

304 1383 399 1467 jurio
430 1384 666 1466 multipliciori
695 1383 865 1446 adulterio
894 1383 1179 1445 cumulantibus:
1217 1381 1261 1444 ad

308 1483 395 1561 haec,
405 1483 470 1548 hac
479 1484 738 1567 opportunitate
753 1482 851 1545 laicis
866 1483 1124 1564 insurgentibus
1140 1489 1262 1544 contra

308 1603 425 1646 sacros
447 1584 597 1661 ordines,
621 1590 715 1646 etse
739 1584 782 1645 ab
805 1582 897 1647 omni
922 1582 1157 1644 ecclesiastica
1180 1583 1261 1644 sub·

303 1683 458 1766 jectione
473 1683 740 1759 excutientibus
757 1682 837 1745 laici
852 1701 952 1745 sacra
972 1682 1138 1766 mysteria
1155 1689 1262 1744 teme·

307 1789 388 1845 rant
410 1783 505 1846 etde
528 1782 580 1845 his
596 1782 788 1863 disputant,
805 1772 956 1846 infantes
977 1782 1168 1863 baptizant,
1186 1800 1261 1843 sor-

306 1881 388 1947 dido
404 1883 538 1945 aurium
555 1881 698 1945 humore
717 1902 779 1964 pro
801 1901 900 1944 sacro
916 1881 1101 1945 chrismate
1121 1887 1261 1943 utentes

308 1989 343 2045 et
365 1982 453 2058 oleo,
471 1983 505 2046 in
529 1988 684 2045 extremo
700 1983 781 2045 vitae
799 1982 963 2044 viaticum
981 1981 1204 2044 Dominicum
1226 1988 1262 2044 et

308 2083 474 2147 usitatum
497 2083 651 2146 ecclesiae
681 2081 882 2163 obsequium
907 2080 1095 2162 sepulturae
1113 2086 1140 2143 'a
1165 2099 1261 2162 pres-

307 2182 438 2265 byteris
456 2183 614 2245 uxoratis
632 2183 787 2263 accipere
807 2181 1083 2262 parvipendunt3
1108 2180 1260 2243 decimas

308 2282 412 2345 etiam
436 2282 646 2364 presbyteris
673 2282 808 2344 debitas
837 2281 918 2362 igne
943 2287 1110 2355 cremant,
1134 2299 1260 2362 corpus

308 2381 449 2443 Domini
472 2400 493 2443 a
514 2380 723 2464 presbyteris
752 2380 911 2444 uxoratis
936 2387 1173 2443 consecratum
1199 2401 1260 2462 pe-

306 2480 406 2543 dibus
438 2500 531 2562 saepe
558 2480 773 2557 conculcant,
799 2481 1002 2561 sanguinem
1030 2480 1171 2543 Domini
1199 2500 1260 2544 vo·-

307 2579 455 2645 luntarie
473 2581 671 2663 frequenter
687 2581 722 2644 in
741 2586 869 2643 terram
884 2580 1076 2644 effundunt.

422 2810 471 2872 Do
486 2808 710 2894 conspiratione
724 2814 903 2891 moprratam
917 2815 1025 2870 contro
1040 2829 1137 2892 repom

686 2906 885 2970 Willrlmara.

146 3043 272 3093 connino
360 3032 489 3095 Eodem
516 3052 607 3095 anno
633 3050 747 3095 comes
775 3025 978 3107 ¹Radulfus,
1002 3033 1058 3094 cui
1086 3052 1149 3095 rex
1171 3034 1262 3098 Wil-

146 3095 228 3141 against

146 3143 244 3183 william·
309 3131 432 3195 lelmus
456 3131 598 3195 dederat
622 3131 831 3213 Est-angliae
859 3131 1088 3207 consulatum,
1115 3134 1261 3198 consilio

308 3231 469 3296 Welteofi
492 3239 527 3295 et
552 3231 684 3312 Rogeri
709 3227 884 3306 comitum,
907 3250 1023 3310 regem
1047 3231 1261 3297 Willelmum

309 3352 329 3395 a
356 3353 463 3414 regno
487 3332 661 3413 expellere
681 3331 881 3395 moliuntur.
934 3330 1047 3394 Duxit
1070 3332 1160 3394 enim
1186 3333 1262 3397 Ra·

308 3432 423 3496 dulfus
448 3451 599 3496 sororem
623 3430 760 3512 praefati
781 3430 911 3510 Rogeri
936 3430 1082 3508 comitis,
1103 3432 1138 3494 in
1160 3433 1260 3517 cujus

309 3532 438 3613 nuptiis
470 3531 558 3594 hanc
595 3530 824 3612 proditionem
853 3530 966 3593 facere
1001 3532 1260 3612 conspirabant.

307 3826 309 3830 ⁴
344 3800 509 3867 ¹Rodalfur.]
527 3804 611 3865 Ralph
623 3803 654 3852 de
665 3803 770 3867 Waher,
794 3806 864 3866 riage
883 3818 937 3852 was
961 3804 1114 3853 solemnized
1132 3806 1196 3854 with
1218 3807 1260 3856 the

308 3873 522 3935 orGuader,earl
535 3874 690 3923 ofNorfolk.
728 3875 770 3924 He
795 3870 1174 3936 king'sconsentatNorwich.
1203 3878 1261 3927 Flo·

308 3944 417 3991 married
436 3945 535 4003 Emma,
552 3944 626 3992 sister
641 3944 669 3992 of
686 3944 771 4005 Roger
794 3960 868 3994 renco
880 3945 1011 4005 expressly
1020 3949 1098 3993 states
1108 3945 1163 3993 that
1174 3947 1194 3994 it
1205 3963 1260 3997 was

308 4013 341 4061 de
351 4012 472 4073 Breteuil‚
481 4014 534 4061 carl
542 4014 570 4062 of
579 4014 771 4075 Hereford,and
795 4016 895 4076 against
916 4014 958 4062 the
981 4014 1066 4076 king's
1088 4015 1185 4077 orders,
1208 4018 1260 4066 and

308 4082 771 4146 daughterofWilliamFitzOsberne,
795 4085 850 4132 that
866 4085 886 4132 it
900 4084 958 4132 took
976 4085 1049 4144 place
1068 4081 1096 4133 at
1112 4074 1215 4149 hiring,
1232 4089 1259 4136 iri

308 4154 362 4202 earl
375 4153 404 4201 of
413 4153 548 4202 Hereford.
585 4154 729 4216 According
745 4159 771 4204 to
795 4153 1023 4215 Cambridgeshire.

307 4223 350 4272 the
370 4224 453 4272 Saxon
473 4223 615 4285 Chronicle,
633 4224 683 4273 this
706 4228 771 4273 mar·
