2820 4882
205 566 260 606 Μ).
272 567 329 607 11⁰⁰.

365 377 430 442 158
621 397 757 445 uocum
781 397 827 443 nn
850 396 1057 445 wnunovnn

367 570 446 614 cum
463 554 606 634 sagitta,
624 571 726 616 cervo
743 552 937 629 intendem,
959 539 1089 616 inscius
1106 569 1223 632 regem
1240 570 1320 633 pera

368 652 488 715 cussit.
540 653 621 716 Rex
648 658 765 715 autem
786 652 823 714 in
850 651 953 716 corde
978 669 1163 735 percussus
1186 650 1319 715 corruit

368 752 405 814 in
422 759 550 814 terram
573 771 636 815 nec
650 753 793 815 verbum
808 751 926 829 edidit,
942 753 1001 815 sed
1019 753 1128 816 vitam
1144 750 1318 815 crudelem

207 857 358 906 Portentum
369 850 439 914 fine
452 851 576 914 misero
591 851 800 915 terminavit.
829 851 916 934 Ejus
926 871 1063 934 quoque
1074 858 1220 914 mortem
1230 843 1319 931 ¹sig-

207 905 282 954 reding
289 907 327 946 the

207 955 271 994 death
280 956 304 994 oi

208 1005 301 1045 william

207 1055 287 1096 Rufus.

369 969 415 1013 ua
438 951 587 1032 plurima
605 957 867 1033 praevenerunt;
892 970 973 1013 narn
996 951 1088 1014 idern
1109 971 1184 1027 rex,
1207 948 1317 1031 pridie

369 1057 449 1114 ante
480 1070 598 1113 necem
629 1069 738 1126 suam,
765 1050 853 1113 vidit
878 1069 941 1132 per
966 1070 1124 1114 somnum
1149 1068 1226 1113 sese
1256 1048 1319 1111 ile-

370 1150 531 1215 botomiae
564 1150 635 1213 ictu
667 1149 871 1230 sanguinem
902 1151 1070 1225 emittere,
1112 1156 1149 1212 et
1182 1147 1318 1212 radium

368 1250 500 1314 cruoris
533 1249 569 1313 in
600 1249 721 1312 caelum
752 1268 864 1330 usque
898 1255 1079 1312 extentum
1112 1249 1225 1311 lucem
1257 1249 1317 1312 ob·

368 1349 525 1411 nubilare
548 1355 583 1412 et
605 1349 673 1411 diei
695 1348 916 1430 interpellare
937 1348 1145 1427 claritatem3
1172 1367 1236 1412 rex
1255 1367 1316 1410 au-

369 1454 451 1523 tem,
474 1455 598 1512 sancta
620 1447 737 1511 Maria
752 1448 915 1512 invocata
940 1456 976 1512 et
996 1467 1116 1512 somno
1136 1465 1317 1524 excussus,

369 1546 485 1610 lumen
500 1547 617 1610 inferri
639 1548 817 1629 praecepit,
835 1555 871 1612 et
890 1548 1117 1611 cubicularios
1142 1567 1165 1611 a
1186 1567 1225 1609 se
1247 1546 1318 1609 dis-

369 1646 491 1711 cedere
514 1667 584 1711 non
602 1647 804 1729 permittens
823 1648 998 1710 residuum
1015 1647 1128 1711 noctis
1149 1647 1317 1711 insomnis

369 1747 514 1828 peregit.
539 1746 647 1810 Mane
657 1766 752 1823 vero,
764 1766 842 1810 curn
859 1766 985 1810 aurora
1000 1746 1184 1824 illuxisset,
1199 1765 1319 1809 mona·

370 1846 456 1910 chus
471 1847 612 1928 quidam
626 1847 891 1924 transmarinae,
906 1846 966 1929 qui
983 1866 1046 1928 pro
1069 1847 1225 1910 eeclesiae
1243 1865 1316 1910 suae

371 1947 521 2028 negotiis
545 1947 638 2028 regis
665 1947 797 2009 curiam
819 1948 1041 2029 sequebatur,
1064 1946 1220 2009 Roberto
1245 1945 1317 2010 filio

372 2043 558 2124 Hamonis,
574 2047 650 2110 viro
664 2046 800 2128 potenti
817 2052 853 2109 et
869 2046 944 2127 regi
960 2046 1135 2123 familiari,
1148 2044 1319 2111 somnium

372 2145 503 2223 retulit,
535 2146 627 2228 quod
653 2153 753 2210 nocte
776 2145 896 2209 eadem
919 2145 1056 2218 viderat
1078 2144 1260 2208 mirificum
1285 2152 1320 2208 et

372 2243 602 2325 horrendum3
632 2244 720 2309 vidit
750 2245 841 2307 enim
870 2265 933 2327 per
956 2265 1114 2310 somnum
1142 2265 1260 2326 regem
1282 2245 1319 2307 in

373 2344 547 2425 quandam
563 2345 680 2409 venire
705 2345 897 2422 ecclesiam,
919 2351 1089 2426 gestuque
1111 2346 1262 2426 superbo
1285 2350 1321 2407 et

372 2443 547 2519 insolenti,
579 2452 618 2507 ut
650 2444 795 2520 solebat,
829 2444 936 2526 coepit
965 2444 1140 2527 despicere
1173 2444 1318 2507 circum·

373 2549 519 2619 stantes,
551 2543 612 2605 ubi
637 2543 840 2606 crucifixum
870 2544 1030 2606 dentibus
1059 2542 1321 2626 apprehendens

374 2640 515 2704 brachia
535 2642 628 2705 illius
651 2645 797 2707 corrosit
815 2651 851 2706 et
871 2662 972 2706 crura
996 2663 1095 2724 paene
1120 2643 1320 2722 truncavit3

373 2739 466 2823 quod
491 2742 675 2805 crucifixus
707 2762 784 2805 curn
811 2743 870 2805 diu
895 2743 1089 2820 tolerasset,
1115 2762 1232 2824 regern
1261 2743 1321 2806 de·

374 2859 468 2904 mum
484 2841 609 2905 dextro
627 2842 712 2924 pede
729 2843 780 2906 ita
796 2842 939 2925 depulit,
953 2849 995 2905 ut
1011 2842 1149 2906 caderet
1164 2843 1201 2905 in
1220 2843 1320 2925 pavi·

374 2948 527 3012 mentum
544 2942 702 3024 supinae,
725 2949 761 3006 et
777 2961 823 3006 ex
838 2961 897 3004 ore
907 2941 1058 3024 jacentis
1073 2948 1207 3006 tantam
1223 2943 1320 3006 exire

373 3039 546 3104 flammam
563 3041 745 3123 conspexit
768 3049 803 3105 et
825 3042 876 3105 ita
895 3040 1067 3118 diffusam,
1088 3049 1129 3106 ut
1149 3041 1321 3106 furnorum

373 3140 511 3218 nebula,
536 3142 637 3222 quasi
662 3140 767 3204 chaos
789 3161 965 3222 magnum,
994 3160 1103 3223 usque
1133 3141 1177 3204 ad
1205 3142 1321 3205 sidera

372 3241 536 3304 volitaret
559 3247 594 3304 et
613 3240 829 3320 obfuscaret3
861 3240 951 3304 hanc
965 3240 1131 3305 visionem
1148 3261 1226 3303 cum
1246 3241 1321 3306 Ro·

372 3340 490 3404 bertus
507 3339 581 3420 regi
597 3339 784 3417 retulisset,
806 3340 991 3405 cachinnos
1017 3341 1235 3422 ingeminans
1259 3341 1321 3418 ait,

373 3439 581 3503 ‘Monachus
592 3440 668 3516 est,'
677 3439 860 3522 inquit,‘et
869 3440 956 3503 lucri
966 3459 1073 3504 eausa
1081 3440 1320 3505 monachiliter

372 3539 579 3618 somniavit3
602 3538 648 3601 da
664 3539 694 3601 ei
714 3546 852 3603 centum
870 3538 1011 3616 solidos,
1029 3560 1073 3603 ne
1088 3541 1250 3604 videatur
1268 3540 1323 3603 in-

373 3639 485 3703 aniter
500 3638 714 3703 somniasse?
750 3632 855 3722 ²Ejus
872 3646 1042 3722 praeterea
1058 3645 1203 3704 mortem
1219 3640 1322 3703 mise-

373 3758 459 3816 ram,
475 3746 514 3803 ut
529 3738 733 3821 praedictum
748 3745 813 3816 est,
825 3741 967 3821 sanguis
984 3740 1027 3803 de
1043 3748 1137 3804 terra
1153 3739 1323 3804 ebulliens

406 3967 505 4032 ¹Siguo
513 3971 642 4035 plurima]
660 3972 785 4035 Compare
792 3973 835 4022 the
862 3973 921 4023 here
943 3975 1052 4023 inserted
1072 3974 1176 4024 another
1192 3975 1280 4026 dream
1299 3975 1330 4027 ot'

372 4045 480 4088 account
499 4041 629 4104 following
648 4044 711 4092 with
729 4044 836 4093 Malnrs-
860 4044 902 4093 the
918 4044 990 4106 king,
1006 4044 1057 4094 and
1073 4059 1142 4093 some
1160 4045 1232 4094 other
1248 4048 1327 4108 parti·

374 4107 601 4176 bury,§aaa,seq.
860 4115 944 4164 culars
968 4115 1112 4177 respecting
1133 4115 1173 4164 his
1195 4115 1283 4178 death,
1298 4117 1328 4166 of

399 4175 517 4244 Ἥκω]
543 4181 668 4232 Matthew
687 4184 764 4234 Paris
788 4185 835 4234 has
859 4184 983 4233 asimilar
993 4184 1132 4249 character,
1143 4201 1170 4247 p.
1182 4188 1225 4236 45.
