2820 4882
163 576 217 614 Ab.
229 578 285 616 1168.

163 627 247 665 Letterc

164 677 188 714 ol
195 677 274 715 Becket

163 726 206 764 end
215 727 294 766 otbert-

321 383 390 448 328
583 397 716 446 coenni
741 398 788 445 on
811 394 1018 445 wnuoovru
1117 361 1121 366 ’

324 555 360 619 in
384 555 480 618 nullo
501 555 722 632 reclamante,
742 574 819 618 cum
842 555 937 618 volet
954 552 1100 635 quilibet
1121 549 1278 633 appella-

324 656 399 734 bit3
429 655 464 717 in
485 674 567 736 quo,
592 655 622 719 si
646 655 719 738 juri
741 662 858 718 vestro
882 653 936 718 vel
962 652 1083 716 bonori
1110 648 1277 735 praejudi-

325 761 425 818 catur
443 753 480 816 in
503 754 631 835 aliquo,
657 754 692 816 id
719 773 757 817 se
786 753 894 817 totius
922 752 1076 816 ecclesiae
1098 751 1197 830 regni
1222 747 1275 810 sui

325 852 469 916 consilio
502 859 735 917 correcturum
764 853 801 915 in
832 852 1003 934 proximo,
1028 850 1177 934 juvente
1202 848 1277 911 Do·

326 951 432 1028 mino,
449 951 643 1033 pollicetur.
693 950 941 1033 Imperatorem
957 949 1068 1024 illum,
1082 947 1149 1011 etsi
1169 946 1278 1010 schis-

326 1051 491 1114 maticum
515 1051 662 1126 noverit,
687 1068 710 1114 a
732 1050 830 1114 vobis
855 1056 971 1113 tamen
999 1046 1277 1111 exeommunica-

328 1157 403 1212 tum
432 1167 520 1225 esse,
553 1167 663 1230 usqne
694 1148 797 1212 hodie
827 1167 896 1212 non
926 1145 1095 1222 rescivit3
1126 1144 1220 1226 qnod
1248 1144 1279 1206 si

329 1246 589 1311 denuntiatione
613 1254 732 1312 vestra
757 1247 948 1322 resciverit,
975 1246 1005 1309 si
1031 1243 1145 1308 foedus
1175 1243 1278 1306 illici·

329 1355 402 1410 tum
428 1365 506 1408 cum
526 1347 602 1428 ipso
621 1347 678 1410 vel
700 1347 854 1428 quolibet
875 1345 945 1409 alio
967 1345 1057 1422 iniit,
1078 1350 1114 1407 et
1132 1342 1197 1406 boc
1220 1362 1279 1405 ec·

330 1445 444 1507 clesiae
463 1446 559 1527 regni
578 1445 633 1509 sui
650 1444 784 1528 judicio
807 1444 910 1509 simul
927 1451 964 1507 et
980 1443 1123 1507 consilio
1150 1461 1189 1504 se
1203 1459 1280 1505 cor·

329 1551 503 1607 recturum
533 1543 713 1626 promittit.
767 1543 907 1610 Patrem
936 1550 1093 1606 nostrum
1123 1540 1279 1605 cantua-

259 1686 262 1687 r
330 1642 477 1705 riensem
498 1643 794 1726 archiepiscopum
818 1663 840 1707 a
864 1662 972 1725 regno
995 1661 1059 1706 suo
1085 1660 1124 1705 se
1149 1659 1281 1722 nequa·

330 1760 435 1823 quam
468 1742 643 1825 expulisse
675 1744 812 1820 asserit,
848 1743 940 1806 unde
977 1740 1068 1805 sicut
1099 1740 1280 1803 ultroneus

331 1841 486 1917 recessit,
500 1840 550 1904 sic
568 1841 612 1904 ad
634 1842 813 1906 ecclesiam
833 1861 944 1917 suam,
964 1860 1042 1904 cum
1063 1840 1129 1903 sibi
1151 1838 1280 1902 sederit

332 1939 460 2017 animo,
476 1940 581 2021 plena
599 1959 684 2022 pace
703 1942 831 2006 reverti
850 1941 916 2004 sibi
936 1939 1081 2003 liberum
1101 1938 1179 2014 erit,
1196 1937 1279 2000 dum

244 2070 246 2075 .
332 2046 449 2101 tamen
465 2038 501 2101 in
521 2039 765 2104 satisfaciendo
788 2041 854 2103 sibi
873 2059 978 2122 snper
996 2039 1062 2101 hiis
1084 2037 1176 2100 undo
1196 2054 1280 2099 con·

332 2137 501 2218 queritur,
519 2139 634 2220 regias
655 2139 732 2217 sibi,
748 2140 785 2202 in
808 2157 896 2222 quas
917 2139 1058 2223 juratus
1077 2143 1143 2215 est,
1165 2135 1279 2216 digni·

331 2243 424 2300 tates
439 2237 523 2301 velit
542 2239 678 2319 integre
697 2256 924 2315 conservar03
955 2238 1058 2318 siqua
1071 2254 1153 2301 vero
1171 2235 1281 2298 eccle-

318 2334 474 2399 siastica
497 2355 646 2418 persona
663 2338 718 2402 vel
735 2338 881 2401 ecclesie
896 2338 939 2399 ab
956 2337 1033 2418 ipso
1049 2335 1105 2400 vel
1120 2354 1142 2400 a
1156 2335 1229 2396 suis
1243 2353 1281 2396 se

333 2442 515 2514 gravatam
540 2436 741 2515 ostenderit,
771 2435 1000 2504 satisfactioni
1030 2436 1142 2519 plenae
1171 2435 1281 2496 totins

333 2532 487 2596 ecclesiae
512 2533 646 2616 judicio
669 2544 812 2617 paratus
839 2537 917 2600 erit.
970 2533 1060 2598 Haee
1087 2552 1111 2596 a
1140 2531 1282 2596 domino

335 2632 454 2694 nostro
474 2651 555 2713 rege
577 2632 614 2697 in
637 2635 812 2717 responsis
832 2634 1038 2717 accepimus,
1056 2632 1116 2714 qui
1138 2650 1281 2696 causam

334 2748 432 2792 suam
461 2730 645 2812 plurimum
668 2733 734 2797 sibi
752 2733 945 2816 justificare
967 2732 1117 2809 videtur,
1140 2750 1219 2795 cum
1244 2730 1281 2794 in

334 2829 507 2906 omnibus,
539 2849 618 2912 quee
651 2831 744 2896 dicta
776 2840 869 2910 sunt,
902 2832 1055 2896 ecelesiae
1094 2828 1196 2913 regni
1227 2831 1284 2894 sui

329 2926 462 3011 judicio
493 2947 532 2992 se
562 2929 754 3009 pariturum
781 2932 964 3013 promittit.
1029 2929 1131 2993 Unde
1155 2937 1284 2994 vestrae

334 3027 598 3110 supplicandum
611 3029 850 3094 existimamus
866 3030 1094 3107 excellentiae,
1111 3035 1285 3111 quatenns

334 3126 420 3188 illud
449 3147 521 3209 prae
551 3127 661 3190 oculis
691 3128 857 3193 habentes
883 3130 1053 3193 calamum
1078 3134 1283 3210 quassatum

334 3243 405 3288 non
432 3232 600 3302 conteres,
623 3226 732 3289 linum
760 3227 933 3310 fumigans
966 3247 1035 3291 non
1066 3227 1284 3307 exstingues,

185 3330 188 3332 ’
230 3397 232 3402 ,
334 3322 445 3386 zelum
461 3322 558 3386 illum
580 3332 751 3403 sanctum,
766 3327 826 3409 qui
842 3326 886 3389 ad
902 3326 1132 3390 ulciscendam
1145 3344 1283 3388 omnem

334 3420 490 3484 eeclesiae
513 3422 582 3485 Dei
609 3423 770 3505 injuriam
795 3443 983 3489 succensus
1006 3433 1072 3502 est,
1096 3425 1126 3488 si
1154 3424 1285 3506 placet,
1322 3474 1327 3484 .

334 3519 379 3582 ad
407 3526 543 3602 tempus
572 3520 665 3585 intra
692 3523 779 3586 lines
805 3523 982 3588 modestiae
1009 3524 1212 3602 cohibeatis,
1240 3543 1285 3587 ne

335 3618 392 3682 vel
405 3617 580 3683 interdicti
595 3622 814 3700 sententiam,
832 3624 888 3687 vel
905 3623 1062 3686 ultimum
1084 3622 1170 3686 illud
1193 3643 1286 3706 prae·

336 3716 476 3780 cisionis
493 3717 643 3799 elogium
662 3719 878 3801 proferendo,
901 3723 1063 3786 eeclesias
1084 3722 1285 3785 innumeras

337 3815 492 3880 subverti
522 3817 645 3880 misere
674 3818 833 3898 doleatis,
858 3827 893 3884 et
923 3829 995 3884 tam
1023 3839 1139 3902 regem
1168 3821 1285 3904 ipsum

336 3934 440 3995 quam
462 3916 660 3982 innumeros
683 3937 761 3981 curn
777 3939 818 3983 eo
838 3920 985 4001 populos
1005 3939 1027 3983 a
1039 3926 1168 3996 vestra,
1190 3920 1285 4002 quod

338 4014 439 4091 absit,
465 4015 661 4079 obedientia
683 4017 954 4082 irrevocabiliter
977 4019 1169 4098 avertatis3
1204 4037 1286 4082 san-

337 4112 414 4191 guis
440 4115 556 4194 regius
580 4121 653 4178 tum
679 4135 717 4180 se
739 4117 876 4182 demum
897 4119 1066 4200 permittit
1092 4116 1185 4183 vinci
1206 4139 1285 4186 cum
