2820 4882
352 433 490 482 rnonns
514 435 782 486 nrsromnnon
1004 421 1049 485 93

99 588 245 668 Tarsus,
278 591 337 673 qui
368 592 410 655 de
438 592 569 656 familia
600 593 713 658 fuerat
747 595 866 676 magni
903 595 1046 659 Soldani
1059 612 1114 653 nn
1125 612 1181 652 rar.

99 688 297 768 Persarum,
320 692 457 757 nomine
478 692 652 770 Belfecbo‚
671 693 731 776 qui
754 696 953 777 provincias
967 695 1046 759 illas
1058 663 1209 753 im...

98 809 214 855 omnes
237 810 313 868 suo,
336 792 491 874 expulsis
514 791 734 870 Christianis,
756 795 990 878 subjugavit
980 815 1045 858 1m·

96 891 203 971 perio.
261 890 400 956 Placuit
423 892 542 974 itaque
564 893 778 976 principibus
795 895 982 958 occidentis
1005 902 1045 959 ut

96 990 136 1052 ad
171 991 294 1054 urbem
322 991 524 1056 accedentes
547 1011 623 1055 eam
649 993 828 1057 obsidione
851 994 1043 1073 vallarent3

96 1090 184 1153 unde
197 1090 276 1162 urbi
293 1091 623 1174 appropinquantes,
645 1093 777 1158 decimo
792 1094 914 1175 quinto
929 1094 1045 1157 calen-

96 1189 155 1252 das
180 1189 391 1254 Novembris
413 1191 505 1254 acies
523 1192 561 1255 in
583 1212 707 1276 gyrum
727 1193 763 1255 in
788 1192 880 1257 huno
905 1193 1045 1256 modum

96 1289 305 1372 disponunt3
340 1309 418 1354 cum
452 1292 561 1372 igitur
595 1290 748 1375 quinque
785 1300 900 1356 essent
934 1300 1045 1374 portae

95 1390 261 1468 civitatis,
283 1409 430 1472 quarum
456 1391 533 1454 duae
554 1399 695 1474 propter
713 1391 864 1456 fluminis
886 1393 1045 1457 vicinita-

95 1497 161 1554 tem
186 1510 259 1554 non
281 1497 443 1572 poterant
468 1491 629 1568 obsideri,
653 1491 783 1556 dimisit
807 1493 885 1555 illas
911 1493 1043 1557 exerci-

96 1596 150 1653 tus
169 1591 381 1667 inobsessas,
404 1590 545 1674 reliquis
566 1591 676 1654 tribus
700 1591 877 1656 obsidione
892 1592 1044 1656 vallatis.

95 1683 328 1774 Superiorem¹
357 1690 465 1772 igitur
487 1698 622 1774 portam
646 1691 781 1755 obsedit
806 1691 1042 1769 Boamundus,

95 1810 171 1854 cnm
191 1790 247 1854 bis
270 1790 330 1873 qui
349 1791 393 1854 ab
411 1791 511 1855 initio
529 1791 668 1855 fuerant
685 1792 761 1875 ejus
778 1801 895 1856 castra
913 1793 1042 1856 secuti:

91 1889 197 1973 juxta
230 1910 308 1953 eum
338 1889 427 1954 sedit
456 1890 530 1954 dux
555 1890 839 1955 Normannorum
869 1892 1045 1956 Robertus

95 1997 127 2054 et
160 2008 279 2053 comes
311 1989 535 2054 Flandrensis
568 2009 645 2053 cum
680 1991 783 2055 sociis
815 1992 900 2068 suis,
934 1993 993 2074 qui
1023 2013 1046 2056 a

95 2091 219 2154 castris
236 2088 431 2153 Boamundi
445 2109 555 2173 nsque
572 2091 616 2154 ad
631 2098 767 2172 portam
783 2090 890 2155 Canis
907 2092 1046 2173 agmina

94 2191 375 2274 conjunxerunt:
405 2189 513 2273 juxta
546 2190 625 2253 illos
657 2192 949 2255 continuaverunt
982 2192 1045 2254 ob-

94 2291 261 2353 sidionem
290 2308 405 2353 comes
429 2287 651 2352 Tholosanus
677 2297 713 2352 ot
733 2290 917 2373 episcopus
938 2290 1043 2354 Podi-

94 2390 185 2452 ensis
216 2386 391 2466 Aimerus,
422 2407 498 2452 cum
528 2388 605 2451 aliis
633 2388 818 2466 nobilibus,
845 2391 904 2474 qui
927 2409 1044 2454 eorum

94 2488 232 2552 fuerant
255 2488 384 2553 vexilla
408 2489 543 2553 secuti:
575 2488 683 2572 juxta
707 2508 766 2552 eos
787 2490 949 2553 sederunt
966 2489 1043 2554 aliis

95 2588 249 2671 copulati
262 2587 336 2651 dux
351 2586 572 2666 Godefridus,
590 2607 668 2652 cnm
685 2587 850 2653 fratribus
867 2590 939 2653 suis
955 2589 1044 2653 Ens-

96 2687 210 2752 tacbio
226 2694 262 2751 et
277 2687 489 2764 Baldewino,
505 2695 541 2751 et
555 2689 633 2751 aliae
650 2688 805 2768 legiones
820 2688 951 2766 mnltae,
966 2707 1044 2772 quae

96 2788 208 2870 ipsum
225 2788 326 2871 quasi
342 2795 510 2853 rectorem
527 2787 665 2851 fuerant
680 2789 887 2852 subsecutae.

141 2965 359 3042 Boamandas,
375 2965 529 3030 binantio
543 2986 690 3050 quarens,
705 2965 816 3030 maltos
835 2963 1006 3029 Taroorwm

488 3065 652 3150 interfecit.

143 3187 298 3252 civitate
313 3187 454 3270 ltaque
443 3208 480 3252 rn
491 3187 581 3252 huno
593 3187 732 3252 modum
744 3190 897 3265 obsessa
908 3189 1045 3252 locave-
1058 3194 1155 3285 {m

97 3295 175 3351 runt
189 3287 393 3351 machinas
382 3308 419 3351 ιιι
436 3287 522 3352 locis
536 3290 751 3370 opportunis,
765 3289 936 3371 petrarias
953 3287 1046 3350 scili-

97 3395 160 3465 oet,
176 3380 398 3450 ²trubuculos
408 3388 704 3469 etmangonellos,
716 3407 760 3451 ex
771 3390 895 3471 quibus
905 3389 1042 3453 crebros

96 3485 227 3569 lapides
242 3487 447 3550 emittebant
461 3496 496 3552 et
518 3487 714 3563 damnosos,
737 3508 816 3570 quae
839 3487 971 3551 civibus
992 3488 1045 3551 in-

97 3586 200 3650 clusis
211 3593 377 3650 terrorem
387 3606 456 3650 non
465 3588 644 3651 minimum
654 3588 884 3651 incusserunt.
909 3587 1044 3651 Castel-

94 3800 158 3862 right
168 3814 243 3850 name
254 3805 399 3862 appearsto
415 3802 478 3850 bare
492 3803 556 3850 been
582 3802 646 3851 tario
667 3803 781 3864 ejusdem
803 3803 911 3863 apostoli
932 3803 957 3850 in
979 3802 1045 3853 cliro

96 3869 243 3932 Baghisiam
260 3885 288 3919 or
304 3871 482 3934 Akhy-Syan3
505 3873 558 3920 Mi·
582 3873 674 3921 montis
684 3874 775 3934 posito,
787 3873 821 3920 sit
831 3867 961 3934 subjecta?
974 3874 1043 3924 will.

96 3939 185 4001 chnud,
196 3940 216 3989 i.
227 3954 254 4000 p.
266 3944 325 4003 267,
335 3945 398 3992 sote.
582 3942 641 4004 Tyr.
652 3958 678 4004 p.
688 3946 746 3993 689.

128 4007 305 4073 ¹Superiorem
326 4010 407 4072 igitar
426 4007 555 4078 portam]

96 4078 176 4130 ‘011ae
194 4079 229 4128 ad
244 4081 365 4129 orientem
382 4082 493 4143 respicit,
504 4087 558 4131 erat
617 4078 628 4108 ²
646 4078 822 4152 Trubuculou]
840 4085 928 4134 akind
940 4085 969 4133 oi
976 4090 1044 4133 cata·

97 4153 167 4209 porta
194 4164 256 4210 nna,
282 4165 342 4211 qnae
369 4150 444 4200 hodie
464 4152 558 4201 dicitur
583 4152 656 4212 pult:
673 4152 772 4202 seeDu
789 4156 892 4216 Fresne,
905 4154 991 4204 Gloss.
1011 4155 1045 4202 ad

97 4221 175 4268 saneti
198 4220 286 4283 Pauli,
311 4235 343 4270 eo
369 4221 438 4282 quod
460 4235 558 4271 monas-
584 4237 634 4272 ooo.
645 4221 775 4273 Tribulus.
