<?xml version="1.0" encoding="UTF-8"?>
<!DOCTYPE html PUBLIC "-//W3C//DTD XHTML 1.0 Transitional//EN"
    "http://www.w3.org/TR/xhtml1/DTD/xhtml1-transitional.dtd">
<html xmlns="http://www.w3.org/1999/xhtml" xml:lang="en" lang="en">
 <head>
  <title>
</title>
<meta http-equiv="Content-Type" content="text/html;charset=utf-8" />
  <meta name='ocr-system' content='tesseract 3.04.00' />
  <meta name='ocr-capabilities' content='ocr_page ocr_carea ocr_par ocr_line ocrx_word'/>
</head>
<body>
  <div class='ocr_page' id='page_1' title='image "./rogeridewendove01rogegoog_0308.png"; bbox 0 0 2820 4882; ppageno 0'>
   <div class='ocr_carea' id='block_1_1' title="bbox 364 395 1055 463">
    <p class='ocr_par' dir='ltr' id='par_1_1' title="bbox 364 395 1055 463">
     <span class='ocr_line' id='line_1_1' title="bbox 364 395 1055 463; baseline 0.006 -4"><span class='ocrx_word' id='word_1_1' title='bbox 364 411 503 460; x_wconf 80' lang='lat' dir='ltr'>rnouns</span> <span class='ocrx_word' id='word_1_2' title='bbox 527 395 796 461; x_wconf 77' lang='lat' dir='ltr'>nlsroniaaou.</span> <span class='ocrx_word' id='word_1_3' title='bbox 989 397 1055 463; x_wconf 80' lang='lat'>297</span> 
     </span>
    </p>
   </div>
   <div class='ocr_carea' id='block_1_2' title="bbox 51 569 1191 3526">
    <p class='ocr_par' dir='ltr' id='par_1_2' title="bbox 106 569 1191 653">
     <span class='ocr_line' id='line_1_2' title="bbox 106 569 1191 653; baseline -0.004 -19"><span class='ocrx_word' id='word_1_4' title='bbox 106 570 244 634; x_wconf 89' lang='lat' dir='ltr'>tudines</span> <span class='ocrx_word' id='word_1_5' title='bbox 276 569 439 652; x_wconf 87' lang='lat' dir='ltr'>antiquas</span> <span class='ocrx_word' id='word_1_6' title='bbox 461 571 496 633; x_wconf 93' lang='lat' dir='ltr'>in</span> <span class='ocrx_word' id='word_1_7' title='bbox 524 591 632 653; x_wconf 81' lang='lat' dir='ltr'>regno</span> <span class='ocrx_word' id='word_1_8' title='bbox 658 578 751 634; x_wconf 91' lang='lat' dir='ltr'>stare</span> <span class='ocrx_word' id='word_1_9' title='bbox 782 569 994 652; x_wconf 79' lang='lat' dir='ltr'><strong>persuadens</strong></span> <span class='ocrx_word' id='word_1_10' title='bbox 1020 578 1055 635; x_wconf 90' lang='lat' dir='ltr'>et</span> <span class='ocrx_word' id='word_1_11' title='bbox 1068 593 1191 634; x_wconf 62' lang='lat' dir='ltr'>annia.</span> 
     </span>
    </p>

    <p class='ocr_par' dir='ltr' id='par_1_3' title="bbox 51 669 1061 3526">
     <span class='ocr_line' id='line_1_3' title="bbox 51 669 1056 752; baseline 0.001 -20"><span class='ocrx_word' id='word_1_12' title='bbox 51 670 55 676; x_wconf 83' lang='lat'><em>&#39;</em></span> <span class='ocrx_word' id='word_1_13' title='bbox 108 669 367 751; x_wconf 85' lang='lat' dir='ltr'>archiepiscopo</span> <span class='ocrx_word' id='word_1_14' title='bbox 400 671 568 752; x_wconf 85' lang='lat' dir='ltr'>praedicta</span> <span class='ocrx_word' id='word_1_15' title='bbox 598 669 754 751; x_wconf 83' lang='lat' dir='ltr'>exigenti</span> <span class='ocrx_word' id='word_1_16' title='bbox 784 669 993 748; x_wconf 87' lang='lat' dir='ltr'>adversans;</span> <span class='ocrx_word' id='word_1_17' title='bbox 1020 677 1056 733; x_wconf 89' lang='lat' dir='ltr'>et</span> 
     </span>
     <span class='ocr_line' id='line_1_4' title="bbox 106 767 1055 852; baseline 0 -21"><span class='ocrx_word' id='word_1_18' title='bbox 106 769 144 831; x_wconf 91' lang='lat' dir='ltr'>in</span> <span class='ocrx_word' id='word_1_19' title='bbox 167 769 233 832; x_wconf 90' lang='lat' dir='ltr'>hoc</span> <span class='ocrx_word' id='word_1_20' title='bbox 265 768 343 833; x_wconf 91' lang='lat' dir='ltr'>loco</span> <span class='ocrx_word' id='word_1_21' title='bbox 371 776 497 850; x_wconf 90' lang='lat' dir='ltr'>quarto</span> <span class='ocrx_word' id='word_1_22' title='bbox 527 769 690 852; x_wconf 88' lang='lat' dir='ltr'>apparuit</span> <span class='ocrx_word' id='word_1_23' title='bbox 717 767 932 851; x_wconf 78' lang='lat' dir='ltr'>perturbatio</span> <span class='ocrx_word' id='word_1_24' title='bbox 963 769 1055 849; x_wconf 79' lang='lat' dir='ltr'>regis</span> 
     </span>
     <span class='ocr_line' id='line_1_5' title="bbox 108 866 1055 950; baseline 0.001 -20"><span class='ocrx_word' id='word_1_25' title='bbox 108 875 229 931; x_wconf 88' lang='lat' dir='ltr'>contra</span> <span class='ocrx_word' id='word_1_26' title='bbox 244 867 371 950; x_wconf 85' lang='lat' dir='ltr'>ipsum.</span> <span class='ocrx_word' id='word_1_27' title='bbox 434 868 571 933; x_wconf 86' lang='lat' dir='ltr'>Eodem·</span> <span class='ocrx_word' id='word_1_28' title='bbox 581 886 673 932; x_wconf 89' lang='lat' dir='ltr'>auno</span> <span class='ocrx_word' id='word_1_29' title='bbox 690 867 785 931; x_wconf 86' lang='lat' dir='ltr'>facta</span> <span class='ocrx_word' id='word_1_30' title='bbox 802 873 855 931; x_wconf 90' lang='lat' dir='ltr'>est</span> <span class='ocrx_word' id='word_1_31' title='bbox 876 866 1055 949; x_wconf 88' lang='lat' dir='ltr'>inquisitio</span> 
     </span>
     <span class='ocr_line' id='line_1_6' title="bbox 107 964 1055 1049; baseline 0 -19"><span class='ocrx_word' id='word_1_32' title='bbox 107 966 279 1048; x_wconf 86' lang='lat' dir='ltr'>generalis</span> <span class='ocrx_word' id='word_1_33' title='bbox 301 986 364 1049; x_wconf 88' lang='lat' dir='ltr'>per</span> <span class='ocrx_word' id='word_1_34' title='bbox 386 964 563 1048; x_wconf 87' lang='lat' dir='ltr'>Angliam,</span> <span class='ocrx_word' id='word_1_35' title='bbox 591 967 647 1030; x_wconf 89' lang='lat' dir='ltr'>cni</span> <span class='ocrx_word' id='word_1_36' title='bbox 669 967 746 1048; x_wconf 90' lang='lat' dir='ltr'>quis</span> <span class='ocrx_word' id='word_1_37' title='bbox 768 966 803 1029; x_wconf 92' lang='lat' dir='ltr'>in</span> <span class='ocrx_word' id='word_1_38' title='bbox 837 966 978 1029; x_wconf 87' lang='lat' dir='ltr'>servitio</span> <span class='ocrx_word' id='word_1_39' title='bbox 1000 985 1055 1030; x_wconf 89' lang='lat' dir='ltr'>se·</span> 
     </span>
     <span class='ocr_line' id='line_1_7' title="bbox 108 1064 1056 1149; baseline 0.002 -20"><span class='ocrx_word' id='word_1_40' title='bbox 108 1065 217 1129; x_wconf 85' lang='lat' dir='ltr'>culari</span> <span class='ocrx_word' id='word_1_41' title='bbox 239 1066 282 1129; x_wconf 91' lang='lat' dir='ltr'>de</span> <span class='ocrx_word' id='word_1_42' title='bbox 299 1065 380 1149; x_wconf 90' lang='lat' dir='ltr'>jure</span> <span class='ocrx_word' id='word_1_43' title='bbox 396 1066 568 1129; x_wconf 88' lang='lat' dir='ltr'>obnoxius</span> <span class='ocrx_word' id='word_1_44' title='bbox 582 1073 779 1145; x_wconf 80' lang='lat' dir='ltr'>teneretur3</span> <span class='ocrx_word' id='word_1_45' title='bbox 808 1064 987 1127; x_wconf 87' lang='lat' dir='ltr'>inventum</span> <span class='ocrx_word' id='word_1_46' title='bbox 1003 1071 1056 1131; x_wconf 89' lang='lat' dir='ltr'>est</span> 
     </span>
     <span class='ocr_line' id='line_1_8' title="bbox 107 1160 1055 1248; baseline 0 -22"><span class='ocrx_word' id='word_1_47' title='bbox 107 1165 142 1226; x_wconf 91' lang='lat' dir='ltr'>in</span> <span class='ocrx_word' id='word_1_48' title='bbox 161 1164 298 1228; x_wconf 83' lang='lat' dir='ltr'>Cantiae</span> <span class='ocrx_word' id='word_1_49' title='bbox 315 1165 505 1247; x_wconf 80' lang='lat' dir='ltr'>provincia,</span> <span class='ocrx_word' id='word_1_50' title='bbox 521 1164 614 1248; x_wconf 91' lang='lat' dir='ltr'>quod</span> <span class='ocrx_word' id='word_1_51' title='bbox 630 1160 845 1229; x_wconf 88' lang='lat' dir='ltr'>¹Willelmus</span> <span class='ocrx_word' id='word_1_52' title='bbox 862 1164 905 1226; x_wconf 92' lang='lat' dir='ltr'>de</span> <span class='ocrx_word' id='word_1_53' title='bbox 921 1163 997 1227; x_wconf 87' lang='lat' dir='ltr'>Ros</span> <span class='ocrx_word' id='word_1_54' title='bbox 1019 1165 1055 1227; x_wconf 92' lang='lat' dir='ltr'>in</span> 
     </span>
     <span class='ocr_line' id='line_1_9' title="bbox 108 1262 1057 1346; baseline 0.001 -20"><span class='ocrx_word' id='word_1_55' title='bbox 108 1283 250 1335; x_wconf 88' lang='lat' dir='ltr'>munere</span> <span class='ocrx_word' id='word_1_56' title='bbox 266 1263 423 1345; x_wconf 90' lang='lat' dir='ltr'>quolibet</span> <span class='ocrx_word' id='word_1_57' title='bbox 446 1265 623 1328; x_wconf 91' lang='lat' dir='ltr'>subeundo</span> <span class='ocrx_word' id='word_1_58' title='bbox 646 1283 762 1346; x_wconf 83' lang='lat' dir='ltr'>regem</span> <span class='ocrx_word' id='word_1_59' title='bbox 784 1262 932 1327; x_wconf 88' lang='lat' dir='ltr'>deberet</span> <span class='ocrx_word' id='word_1_60' title='bbox 949 1282 1057 1344; x_wconf 84' lang='lat' dir='ltr'>agno·</span> 
     </span>
     <span class='ocr_line' id='line_1_10' title="bbox 110 1362 1057 1446; baseline -0.005 -22"><span class='ocrx_word' id='word_1_61' title='bbox 110 1382 204 1427; x_wconf 90' lang='lat' dir='ltr'>scere</span> <span class='ocrx_word' id='word_1_62' title='bbox 226 1369 262 1426; x_wconf 92' lang='lat' dir='ltr'>et</span> <span class='ocrx_word' id='word_1_63' title='bbox 283 1383 353 1426; x_wconf 93' lang='lat' dir='ltr'>non</span> <span class='ocrx_word' id='word_1_64' title='bbox 376 1363 683 1446; x_wconf 87' lang='lat' dir='ltr'>archiepiscopum,</span> <span class='ocrx_word' id='word_1_65' title='bbox 712 1370 747 1426; x_wconf 91' lang='lat' dir='ltr'>et</span> <span class='ocrx_word' id='word_1_66' title='bbox 769 1362 819 1426; x_wconf 91' lang='lat' dir='ltr'>sic</span> <span class='ocrx_word' id='word_1_67' title='bbox 841 1362 957 1426; x_wconf 90' lang='lat' dir='ltr'>odium</span> <span class='ocrx_word' id='word_1_68' title='bbox 980 1381 1057 1444; x_wconf 82' lang='lat' dir='ltr'>per.</span> 
     </span>
     <span class='ocr_line' id='line_1_11' title="bbox 107 1461 1056 1541; baseline 0 -17"><span class='ocrx_word' id='word_1_69' title='bbox 107 1481 204 1533; x_wconf 87' lang='lat' dir='ltr'>sonae</span> <span class='ocrx_word' id='word_1_70' title='bbox 235 1463 271 1524; x_wconf 91' lang='lat' dir='ltr'>in</span> <span class='ocrx_word' id='word_1_71' title='bbox 300 1463 464 1525; x_wconf 86' lang='lat' dir='ltr'>damnum</span> <span class='ocrx_word' id='word_1_72' title='bbox 494 1463 649 1537; x_wconf 85' lang='lat' dir='ltr'>ecclesiae</span> <span class='ocrx_word' id='word_1_73' title='bbox 681 1461 912 1541; x_wconf 86' lang='lat' dir='ltr'>redundavit;</span> <span class='ocrx_word' id='word_1_74' title='bbox 944 1461 1056 1525; x_wconf 84' lang='lat' dir='ltr'>ethic</span> 
     </span>
     <span class='ocr_line' id='line_1_12' title="bbox 110 1560 1057 1645; baseline 0.001 -23"><span class='ocrx_word' id='word_1_75' title='bbox 110 1560 232 1642; x_wconf 91' lang='lat' dir='ltr'>quinto</span> <span class='ocrx_word' id='word_1_76' title='bbox 263 1561 341 1625; x_wconf 91' lang='lat' dir='ltr'>loco</span> <span class='ocrx_word' id='word_1_77' title='bbox 373 1563 535 1644; x_wconf 87' lang='lat' dir='ltr'>apparuit</span> <span class='ocrx_word' id='word_1_78' title='bbox 565 1561 779 1645; x_wconf 86' lang='lat' dir='ltr'>perturbatio</span> <span class='ocrx_word' id='word_1_79' title='bbox 811 1561 903 1642; x_wconf 84' lang='lat' dir='ltr'>regis</span> <span class='ocrx_word' id='word_1_80' title='bbox 934 1567 1057 1624; x_wconf 88' lang='lat' dir='ltr'>contra</span> 
     </span>
     <span class='ocr_line' id='line_1_13' title="bbox 108 1659 1056 1744; baseline 0.001 -22"><span class='ocrx_word' id='word_1_81' title='bbox 108 1659 225 1724; x_wconf 68' lang='lat' dir='ltr'>illum.⁴</span> <span class='ocrx_word' id='word_1_82' title='bbox 257 1660 367 1724; x_wconf 86' lang='lat' dir='ltr'>Sexto</span> <span class='ocrx_word' id='word_1_83' title='bbox 389 1661 564 1744; x_wconf 89' lang='lat' dir='ltr'>apparuit,</span> <span class='ocrx_word' id='word_1_84' title='bbox 587 1681 666 1725; x_wconf 91' lang='lat' dir='ltr'>cum</span> <span class='ocrx_word' id='word_1_85' title='bbox 691 1660 970 1742; x_wconf 91' lang='lat' dir='ltr'>archiepiscopus</span> <span class='ocrx_word' id='word_1_86' title='bbox 998 1678 1056 1723; x_wconf 86' lang='lat' dir='ltr'>va-</span> 
     </span>
     <span class='ocr_line' id='line_1_14' title="bbox 110 1753 1057 1824; baseline -0.003 -1"><span class='ocrx_word' id='word_1_87' title='bbox 110 1766 245 1823; x_wconf 87' lang='lat' dir='ltr'>cantem</span> <span class='ocrx_word' id='word_1_88' title='bbox 265 1760 450 1824; x_wconf 84' lang='lat' dir='ltr'>ecclesiam·</span> <span class='ocrx_word' id='word_1_89' title='bbox 468 1760 510 1824; x_wconf 90' lang='lat' dir='ltr'>de</span> <span class='ocrx_word' id='word_1_90' title='bbox 525 1753 724 1824; x_wconf 71' lang='lat' dir='ltr'>²Ain&#39;esford</span> <span class='ocrx_word' id='word_1_91' title='bbox 748 1758 885 1823; x_wconf 90' lang='lat' dir='ltr'>cuidam</span> <span class='ocrx_word' id='word_1_92' title='bbox 904 1758 1057 1823; x_wconf 82' lang='lat' dir='ltr'>Lauren-</span> 
     </span>
     <span class='ocr_line' id='line_1_15' title="bbox 111 1857 1056 1938; baseline -0.002 -16"><span class='ocrx_word' id='word_1_93' title='bbox 111 1859 158 1932; x_wconf 85' lang='lat' dir='ltr'>tio</span> <span class='ocrx_word' id='word_1_94' title='bbox 173 1859 343 1938; x_wconf 82' lang='lat' dir='ltr'>contulit3</span> <span class='ocrx_word' id='word_1_95' title='bbox 371 1859 432 1924; x_wconf 91' lang='lat' dir='ltr'>sed</span> <span class='ocrx_word' id='word_1_96' title='bbox 442 1858 653 1936; x_wconf 76' lang='lat' dir='ltr'>WillelmuS‚</span> <span class='ocrx_word' id='word_1_97' title='bbox 673 1859 765 1923; x_wconf 87' lang='lat' dir='ltr'>villae</span> <span class='ocrx_word' id='word_1_98' title='bbox 790 1858 961 1934; x_wconf 90' lang='lat' dir='ltr'>dominus,</span> <span class='ocrx_word' id='word_1_99' title='bbox 990 1857 1056 1921; x_wconf 92' lang='lat' dir='ltr'>sibi</span> 
     </span>
     <span class='ocr_line' id='line_1_16' title="bbox 108 1957 1056 2041; baseline -0.002 -20"><span class='ocrx_word' id='word_1_100' title='bbox 108 1957 166 2040; x_wconf 90' lang='lat' dir='ltr'>jus</span> <span class='ocrx_word' id='word_1_101' title='bbox 198 1959 386 2022; x_wconf 86' lang='lat' dir='ltr'>vendicans</span> <span class='ocrx_word' id='word_1_102' title='bbox 423 1966 629 2041; x_wconf 89' lang='lat' dir='ltr'>patronatus</span> <span class='ocrx_word' id='word_1_103' title='bbox 660 1957 883 2021; x_wconf 85' lang='lat' dir='ltr'>Laurentium</span> <span class='ocrx_word' id='word_1_104' title='bbox 908 1957 1056 2038; x_wconf 86' lang='lat' dir='ltr'>expulit,</span> 
     </span>
     <span class='ocr_line' id='line_1_17' title="bbox 109 2055 1057 2140; baseline -0.002 -21"><span class='ocrx_word' id='word_1_105' title='bbox 109 2076 171 2138; x_wconf 88' lang='lat' dir='ltr'>pro</span> <span class='ocrx_word' id='word_1_106' title='bbox 191 2077 261 2139; x_wconf 92' lang='lat' dir='ltr'>quo</span> <span class='ocrx_word' id='word_1_107' title='bbox 281 2057 373 2121; x_wconf 88' lang='lat' dir='ltr'>facto</span> <span class='ocrx_word' id='word_1_108' title='bbox 395 2055 674 2140; x_wconf 86' lang='lat' dir='ltr'>archiepiscopus</span> <span class='ocrx_word' id='word_1_109' title='bbox 689 2055 901 2121; x_wconf 90' lang='lat' dir='ltr'>Willelmum</span> <span class='ocrx_word' id='word_1_110' title='bbox 920 2056 1057 2118; x_wconf 85' lang='lat' dir='ltr'>excom-</span> 
     </span>
     <span class='ocr_line' id='line_1_18' title="bbox 111 2154 1057 2239; baseline 0.002 -23"><span class='ocrx_word' id='word_1_111' title='bbox 111 2157 320 2236; x_wconf 83' lang='lat' dir='ltr'>municavit3</span> <span class='ocrx_word' id='word_1_112' title='bbox 353 2157 457 2238; x_wconf 92' lang='lat' dir='ltr'>quod,</span> <span class='ocrx_word' id='word_1_113' title='bbox 486 2158 569 2239; x_wconf 90' lang='lat' dir='ltr'>quia</span> <span class='ocrx_word' id='word_1_114' title='bbox 599 2176 682 2238; x_wconf 86' lang='lat' dir='ltr'>rege</span> <span class='ocrx_word' id='word_1_115' title='bbox 712 2155 849 2218; x_wconf 91' lang='lat' dir='ltr'>minime</span> <span class='ocrx_word' id='word_1_116' title='bbox 872 2154 1057 2218; x_wconf 84' lang='lat' dir='ltr'>certiorato</span> 
     </span>
     <span class='ocr_line' id='line_1_19' title="bbox 112 2254 1056 2339; baseline 0.002 -24"><span class='ocrx_word' id='word_1_117' title='bbox 112 2254 262 2332; x_wconf 82' lang='lat' dir='ltr'>fecisset,</span> <span class='ocrx_word' id='word_1_118' title='bbox 288 2256 475 2319; x_wconf 85' lang='lat' dir='ltr'>maximam</span> <span class='ocrx_word' id='word_1_119' title='bbox 502 2255 578 2339; x_wconf 91' lang='lat' dir='ltr'>ejus</span> <span class='ocrx_word' id='word_1_120' title='bbox 604 2255 875 2336; x_wconf 86' lang='lat' dir='ltr'>indignationem</span> <span class='ocrx_word' id='word_1_121' title='bbox 900 2254 1056 2317; x_wconf 90' lang='lat' dir='ltr'>incurrit.</span> 
     </span>
     <span class='ocr_line' id='line_1_20' title="bbox 112 2352 1059 2438; baseline -0.001 -22"><span class='ocrx_word' id='word_1_122' title='bbox 112 2352 250 2417; x_wconf 86' lang='lat' dir='ltr'>Asserit</span> <span class='ocrx_word' id='word_1_123' title='bbox 279 2354 370 2417; x_wconf 90' lang='lat' dir='ltr'>enim</span> <span class='ocrx_word' id='word_1_124' title='bbox 396 2375 471 2432; x_wconf 87' lang='lat' dir='ltr'>rex,</span> <span class='ocrx_word' id='word_1_125' title='bbox 498 2355 605 2438; x_wconf 87' lang='lat' dir='ltr'>juxta</span> <span class='ocrx_word' id='word_1_126' title='bbox 631 2355 837 2436; x_wconf 83' lang='lat' dir='ltr'>dignitatem</span> <span class='ocrx_word' id='word_1_127' title='bbox 863 2353 961 2434; x_wconf 81' lang='lat' dir='ltr'>regni</span> <span class='ocrx_word' id='word_1_128' title='bbox 992 2353 1059 2430; x_wconf 88' lang='lat' dir='ltr'>sui,</span> 
     </span>
     <span class='ocr_line' id='line_1_21' title="bbox 112 2452 1060 2535; baseline -0.001 -20"><span class='ocrx_word' id='word_1_129' title='bbox 112 2453 206 2533; x_wconf 90' lang='lat' dir='ltr'>quod</span> <span class='ocrx_word' id='word_1_130' title='bbox 232 2453 362 2530; x_wconf 89' lang='lat' dir='ltr'>nullus,</span> <span class='ocrx_word' id='word_1_131' title='bbox 392 2455 452 2535; x_wconf 88' lang='lat' dir='ltr'>qui</span> <span class='ocrx_word' id='word_1_132' title='bbox 476 2454 519 2517; x_wconf 92' lang='lat' dir='ltr'>de</span> <span class='ocrx_word' id='word_1_133' title='bbox 545 2474 627 2535; x_wconf 84' lang='lat' dir='ltr'>rege</span> <span class='ocrx_word' id='word_1_134' title='bbox 651 2454 689 2517; x_wconf 91' lang='lat' dir='ltr'>in</span> <span class='ocrx_word' id='word_1_135' title='bbox 717 2453 830 2535; x_wconf 86' lang='lat' dir='ltr'>capite</span> <span class='ocrx_word' id='word_1_136' title='bbox 852 2458 981 2530; x_wconf 90' lang='lat' dir='ltr'>teneat,</span> <span class='ocrx_word' id='word_1_137' title='bbox 1004 2452 1060 2516; x_wconf 88' lang='lat' dir='ltr'>vel</span> 
     </span>
     <span class='ocr_line' id='line_1_22' title="bbox 113 2551 1061 2635; baseline 0.001 -21"><span class='ocrx_word' id='word_1_138' title='bbox 113 2551 269 2616; x_wconf 87' lang='lat' dir='ltr'>minister</span> <span class='ocrx_word' id='word_1_139' title='bbox 285 2553 374 2635; x_wconf 90' lang='lat' dir='ltr'>ejus,</span> <span class='ocrx_word' id='word_1_140' title='bbox 391 2553 479 2624; x_wconf 88' lang='lat' dir='ltr'>citra</span> <span class='ocrx_word' id='word_1_141' title='bbox 492 2553 585 2617; x_wconf 87' lang='lat' dir='ltr'>illius</span> <span class='ocrx_word' id='word_1_142' title='bbox 597 2552 845 2617; x_wconf 84' lang='lat' dir='ltr'>conscientiam</span> <span class='ocrx_word' id='word_1_143' title='bbox 861 2552 908 2615; x_wconf 91' lang='lat' dir='ltr'>sit</span> <span class='ocrx_word' id='word_1_144' title='bbox 922 2551 1061 2615; x_wconf 84' lang='lat' dir='ltr'>excom-</span> 
     </span>
     <span class='ocr_line' id='line_1_23' title="bbox 113 2651 1058 2734; baseline 0.001 -21"><span class='ocrx_word' id='word_1_145' title='bbox 113 2651 408 2715; x_wconf 82' lang='lat' dir='ltr'>municandusab</span> <span class='ocrx_word' id='word_1_146' title='bbox 425 2653 554 2734; x_wconf 84' lang='lat' dir='ltr'>aliquo,</span> <span class='ocrx_word' id='word_1_147' title='bbox 571 2672 626 2729; x_wconf 90' lang='lat' dir='ltr'>ne,</span> <span class='ocrx_word' id='word_1_148' title='bbox 652 2653 681 2715; x_wconf 94' lang='lat' dir='ltr'>si</span> <span class='ocrx_word' id='word_1_149' title='bbox 707 2652 773 2715; x_wconf 89' lang='lat' dir='ltr'>hoc</span> <span class='ocrx_word' id='word_1_150' title='bbox 798 2670 915 2733; x_wconf 84' lang='lat' dir='ltr'>regem</span> <span class='ocrx_word' id='word_1_151' title='bbox 939 2651 1058 2726; x_wconf 89' lang='lat' dir='ltr'>lateat,</span> 
     </span>
     <span class='ocr_line' id='line_1_24' title="bbox 111 2750 1060 2832; baseline 0.001 -20"><span class='ocrx_word' id='word_1_152' title='bbox 111 2750 230 2832; x_wconf 87' lang='lat' dir='ltr'>lapsus</span> <span class='ocrx_word' id='word_1_153' title='bbox 263 2750 462 2832; x_wconf 80' lang='lat' dir='ltr'>ignorantia</span> <span class='ocrx_word' id='word_1_154' title='bbox 492 2751 721 2816; x_wconf 89' lang='lat' dir='ltr'>communicet</span> <span class='ocrx_word' id='word_1_155' title='bbox 751 2750 1060 2826; x_wconf 84' lang='lat' dir='ltr'>excommunicato,</span> 
     </span>
     <span class='ocr_line' id='line_1_25' title="bbox 112 2848 1059 2925; baseline 0.001 -13"><span class='ocrx_word' id='word_1_156' title='bbox 112 2850 273 2913; x_wconf 89' lang='lat' dir='ltr'>comitem</span> <span class='ocrx_word' id='word_1_157' title='bbox 291 2851 346 2913; x_wconf 90' lang='lat' dir='ltr'>vel</span> <span class='ocrx_word' id='word_1_158' title='bbox 369 2851 533 2914; x_wconf 88' lang='lat' dir='ltr'>baronem</span> <span class='ocrx_word' id='word_1_159' title='bbox 557 2850 600 2913; x_wconf 88' lang='lat' dir='ltr'>ad</span> <span class='ocrx_word' id='word_1_160' title='bbox 619 2869 656 2913; x_wconf 91' lang='lat' dir='ltr'>se</span> <span class='ocrx_word' id='word_1_161' title='bbox 673 2851 869 2925; x_wconf 45' lang='lat' dir='ltr'>venientem,</span> <span class='ocrx_word' id='word_1_162' title='bbox 881 2850 918 2912; x_wconf 91' lang='lat' dir='ltr'>in</span> <span class='ocrx_word' id='word_1_163' title='bbox 937 2848 1059 2913; x_wconf 88' lang='lat' dir='ltr'>osculo</span> 
     </span>
     <span class='ocr_line' id='line_1_26' title="bbox 113 2948 1061 3031; baseline -0.002 -19"><span class='ocrx_word' id='word_1_164' title='bbox 113 2948 168 3012; x_wconf 94' lang='lat' dir='ltr'>vel</span> <span class='ocrx_word' id='word_1_165' title='bbox 198 2948 343 3027; x_wconf 85' lang='lat' dir='ltr'>consilio</span> <span class='ocrx_word' id='word_1_166' title='bbox 374 2948 547 3014; x_wconf 88' lang='lat' dir='ltr'>admittat.</span> <span class='ocrx_word' id='word_1_167' title='bbox 599 2948 752 3030; x_wconf 84' lang='lat' dir='ltr'>Septimo</span> <span class='ocrx_word' id='word_1_168' title='bbox 782 2948 955 3031; x_wconf 84' lang='lat' dir='ltr'>apparuit,</span> <span class='ocrx_word' id='word_1_169' title='bbox 983 2967 1061 3026; x_wconf 85' lang='lat' dir='ltr'>cum</span> 
     </span>
     <span class='ocr_line' id='line_1_27' title="bbox 112 3047 1060 3124; baseline -0.001 -14"><span class='ocrx_word' id='word_1_170' title='bbox 112 3047 203 3110; x_wconf 89' lang='lat' dir='ltr'>idem</span> <span class='ocrx_word' id='word_1_171' title='bbox 226 3068 289 3111; x_wconf 87' lang='lat' dir='ltr'>rex</span> <span class='ocrx_word' id='word_1_172' title='bbox 312 3050 452 3112; x_wconf 92' lang='lat' dir='ltr'>nuntios</span> <span class='ocrx_word' id='word_1_173' title='bbox 475 3047 519 3111; x_wconf 92' lang='lat' dir='ltr'>ad</span> <span class='ocrx_word' id='word_1_174' title='bbox 542 3049 672 3111; x_wconf 88' lang='lat' dir='ltr'>curiam</span> <span class='ocrx_word' id='word_1_175' title='bbox 689 3048 884 3112; x_wconf 91' lang='lat' dir='ltr'>Romanam</span> <span class='ocrx_word' id='word_1_176' title='bbox 898 3047 1060 3124; x_wconf 89' lang='lat' dir='ltr'>misisset,</span> 
     </span>
     <span class='ocr_line' id='line_1_28' title="bbox 114 3145 1061 3237; baseline 0 -28"><span class='ocrx_word' id='word_1_177' title='bbox 114 3152 153 3209; x_wconf 88' lang='lat' dir='ltr'>ut</span> <span class='ocrx_word' id='word_1_178' title='bbox 174 3146 440 3225; x_wconf 86' lang='lat' dir='ltr'>consuetudines</span> <span class='ocrx_word' id='word_1_179' title='bbox 459 3147 558 3228; x_wconf 82' lang='lat' dir='ltr'>regni</span> <span class='ocrx_word' id='word_1_180' title='bbox 574 3148 803 3224; x_wconf 88' lang='lat' dir='ltr'>confirmaret,</span> <span class='ocrx_word' id='word_1_181' title='bbox 820 3145 878 3237; x_wconf 85' lang='lat' dir='ltr'>uhi</span> <span class='ocrx_word' id='word_1_182' title='bbox 892 3145 930 3208; x_wconf 90' lang='lat' dir='ltr'>in</span> <span class='ocrx_word' id='word_1_183' title='bbox 945 3145 1061 3227; x_wconf 90' lang='lat' dir='ltr'>aliquo</span> 
     </span>
     <span class='ocr_line' id='line_1_29' title="bbox 113 3244 1061 3328; baseline 0 -21"><span class='ocrx_word' id='word_1_184' title='bbox 113 3244 336 3328; x_wconf 81' lang='lat' dir='ltr'>profecisset3</span> <span class='ocrx_word' id='word_1_185' title='bbox 362 3245 475 3310; x_wconf 90' lang='lat' dir='ltr'>nuntii</span> <span class='ocrx_word' id='word_1_186' title='bbox 500 3246 629 3312; x_wconf 89' lang='lat' dir='ltr'>reversi</span> <span class='ocrx_word' id='word_1_187' title='bbox 649 3247 799 3310; x_wconf 88' lang='lat' dir='ltr'>animum</span> <span class='ocrx_word' id='word_1_188' title='bbox 823 3245 915 3326; x_wconf 83' lang='lat' dir='ltr'>regis</span> <span class='ocrx_word' id='word_1_189' title='bbox 939 3251 1061 3308; x_wconf 90' lang='lat' dir='ltr'>contra</span> 
     </span>
     <span class='ocr_line' id='line_1_30' title="bbox 115 3343 1060 3428; baseline -0.001 -20"><span class='ocrx_word' id='word_1_190' title='bbox 115 3343 413 3427; x_wconf 88' lang='lat' dir='ltr'>archiepiscopum</span> <span class='ocrx_word' id='word_1_191' title='bbox 444 3353 480 3410; x_wconf 85' lang='lat' dir='ltr'>at</span> <span class='ocrx_word' id='word_1_192' title='bbox 509 3345 596 3411; x_wconf 88' lang='lat' dir='ltr'>alios</span> <span class='ocrx_word' id='word_1_193' title='bbox 624 3352 868 3428; x_wconf 85' lang='lat' dir='ltr'>exasperatum</span> <span class='ocrx_word' id='word_1_194' title='bbox 898 3363 966 3407; x_wconf 93' lang='lat' dir='ltr'>non</span> <span class='ocrx_word' id='word_1_195' title='bbox 997 3363 1060 3425; x_wconf 92' lang='lat' dir='ltr'>po·</span> 
     </span>
     <span class='ocr_line' id='line_1_31' title="bbox 110 3443 415 3526; baseline 0.007 -20"><span class='ocrx_word' id='word_1_196' title='bbox 110 3450 228 3506; x_wconf 89' lang='lat' dir='ltr'>terant</span> <span class='ocrx_word' id='word_1_197' title='bbox 244 3443 415 3526; x_wconf 83' lang='lat' dir='ltr'>mitigare.</span> 
     </span>
    </p>
   </div>
   <div class='ocr_carea' id='block_1_3' title="bbox 106 3634 1059 4258">
    <p class='ocr_par' dir='ltr' id='par_1_4' title="bbox 106 3634 1059 4047">
     <span class='ocr_line' id='line_1_32' title="bbox 110 3634 1059 3698; baseline -0.002 -14"><span class='ocrx_word' id='word_1_198' title='bbox 110 3636 270 3697; x_wconf 84' lang='lat' dir='ltr'>antiquitatis</span> <span class='ocrx_word' id='word_1_199' title='bbox 286 3637 420 3697; x_wconf 82' lang='lat' dir='ltr'>infinibus</span> <span class='ocrx_word' id='word_1_200' title='bbox 437 3640 504 3686; x_wconf 83' lang='lat' dir='ltr'>stare</span> <span class='ocrx_word' id='word_1_201' title='bbox 516 3653 574 3698; x_wconf 89' lang='lat' dir='ltr'>per·</span> <span class='ocrx_word' id='word_1_202' title='bbox 599 3637 641 3686; x_wconf 83' lang='lat' dir='ltr'>the</span> <span class='ocrx_word' id='word_1_203' title='bbox 648 3639 700 3686; x_wconf 86' lang='lat' dir='ltr'>earl</span> <span class='ocrx_word' id='word_1_204' title='bbox 708 3637 738 3685; x_wconf 78' lang='lat' dir='ltr'>of</span> <span class='ocrx_word' id='word_1_205' title='bbox 745 3637 829 3687; x_wconf 80' lang='lat' dir='ltr'>Clare.</span> <span class='ocrx_word' id='word_1_206' title='bbox 858 3634 1059 3696; x_wconf 77' lang='lat' dir='ltr'>Heatthesame</span> 
     </span>
     <span class='ocr_line' id='line_1_33' title="bbox 111 3705 1059 3768; baseline -0.002 -14"><span class='ocrx_word' id='word_1_207' title='bbox 111 3707 233 3768; x_wconf 85' lang='lat' dir='ltr'>suadens,</span> <span class='ocrx_word' id='word_1_208' title='bbox 249 3710 276 3754; x_wconf 83' lang='lat' dir='ltr'>st</span> <span class='ocrx_word' id='word_1_209' title='bbox 297 3720 341 3755; x_wconf 88' lang='lat' dir='ltr'>eas</span> <span class='ocrx_word' id='word_1_210' title='bbox 359 3707 476 3756; x_wconf 89' lang='lat' dir='ltr'>omnibus</span> <span class='ocrx_word' id='word_1_211' title='bbox 492 3708 574 3757; x_wconf 87' lang='lat' dir='ltr'>modis</span> <span class='ocrx_word' id='word_1_212' title='bbox 598 3707 658 3756; x_wconf 87' lang='lat' dir='ltr'>time</span> <span class='ocrx_word' id='word_1_213' title='bbox 669 3707 785 3756; x_wconf 83' lang='lat' dir='ltr'>offended</span> <span class='ocrx_word' id='word_1_214' title='bbox 795 3706 838 3755; x_wconf 84' lang='lat' dir='ltr'>the</span> <span class='ocrx_word' id='word_1_215' title='bbox 849 3705 912 3767; x_wconf 81' lang='lat' dir='ltr'>king</span> <span class='ocrx_word' id='word_1_216' title='bbox 923 3706 957 3765; x_wconf 82' lang='lat' dir='ltr'>by</span> <span class='ocrx_word' id='word_1_217' title='bbox 969 3705 1059 3753; x_wconf 89' lang='lat' dir='ltr'>affirm·</span> 
     </span>
     <span class='ocr_line' id='line_1_34' title="bbox 109 3774 1059 3839; baseline -0.003 -15"><span class='ocrx_word' id='word_1_218' title='bbox 109 3777 205 3838; x_wconf 89' lang='lat' dir='ltr'>quibus</span> <span class='ocrx_word' id='word_1_219' title='bbox 226 3777 291 3825; x_wconf 87' lang='lat' dir='ltr'>ratio</span> <span class='ocrx_word' id='word_1_220' title='bbox 311 3776 365 3825; x_wconf 85' lang='lat' dir='ltr'>fieri</span> <span class='ocrx_word' id='word_1_221' title='bbox 390 3777 515 3837; x_wconf 88' lang='lat' dir='ltr'>potuisset</span> <span class='ocrx_word' id='word_1_222' title='bbox 537 3778 575 3824; x_wconf 93' lang='lat' dir='ltr'>in·</span> <span class='ocrx_word' id='word_1_223' title='bbox 598 3777 642 3839; x_wconf 78' lang='lat' dir='ltr'>ing</span> <span class='ocrx_word' id='word_1_224' title='bbox 653 3777 707 3825; x_wconf 89' lang='lat' dir='ltr'>that</span> <span class='ocrx_word' id='word_1_225' title='bbox 717 3777 760 3825; x_wconf 85' lang='lat' dir='ltr'>the</span> <span class='ocrx_word' id='word_1_226' title='bbox 771 3776 863 3825; x_wconf 86' lang='lat' dir='ltr'>castlea</span> <span class='ocrx_word' id='word_1_227' title='bbox 875 3774 904 3824; x_wconf 81' lang='lat' dir='ltr'>oi</span> <span class='ocrx_word' id='word_1_228' title='bbox 912 3774 1059 3835; x_wconf 87' lang='lat' dir='ltr'>Rochester‚</span> 
     </span>
     <span class='ocr_line' id='line_1_35' title="bbox 108 3843 1059 3907; baseline -0.003 -13"><span class='ocrx_word' id='word_1_229' title='bbox 108 3846 215 3907; x_wconf 82' lang='lat' dir='ltr'>ducens,</span> <span class='ocrx_word' id='word_1_230' title='bbox 225 3847 329 3895; x_wconf 88' lang='lat' dir='ltr'>alteram</span> <span class='ocrx_word' id='word_1_231' title='bbox 344 3845 487 3894; x_wconf 86' lang='lat' dir='ltr'>inclinatior</span> <span class='ocrx_word' id='word_1_232' title='bbox 501 3847 573 3896; x_wconf 81' lang='lat' dir='ltr'>vide·</span> <span class='ocrx_word' id='word_1_233' title='bbox 597 3847 626 3896; x_wconf 83' lang='lat' dir='ltr'>of</span> <span class='ocrx_word' id='word_1_234' title='bbox 633 3847 771 3907; x_wconf 87' lang='lat' dir='ltr'>Saltwood,</span> <span class='ocrx_word' id='word_1_235' title='bbox 781 3845 832 3894; x_wconf 91' lang='lat' dir='ltr'>and</span> <span class='ocrx_word' id='word_1_236' title='bbox 843 3845 931 3906; x_wconf 79' lang='lat' dir='ltr'>Hythe</span> <span class='ocrx_word' id='word_1_237' title='bbox 947 3845 979 3904; x_wconf 84' lang='lat' dir='ltr'>by</span> <span class='ocrx_word' id='word_1_238' title='bbox 990 3843 1059 3904; x_wconf 82' lang='lat' dir='ltr'>right</span> 
     </span>
     <span class='ocr_line' id='line_1_36' title="bbox 106 3909 1059 3979; baseline -0.004 -15"><span class='ocrx_word' id='word_1_239' title='bbox 106 3917 221 3979; x_wconf 85' lang='lat' dir='ltr'>haturiu</span> <span class='ocrx_word' id='word_1_240' title='bbox 231 3920 328 3977; x_wconf 86' lang='lat' dir='ltr'>partem</span> <span class='ocrx_word' id='word_1_241' title='bbox 338 3909 353 3975; x_wconf 83' lang='lat'>;‘</span> <span class='ocrx_word' id='word_1_242' title='bbox 369 3915 418 3964; x_wconf 88' lang='lat' dir='ltr'>col.</span> <span class='ocrx_word' id='word_1_243' title='bbox 430 3919 488 3964; x_wconf 75' lang='grc'><strong>534.</strong></span> <span class='ocrx_word' id='word_1_244' title='bbox 597 3916 727 3977; x_wconf 86' lang='lat' dir='ltr'>pertained</span> <span class='ocrx_word' id='word_1_245' title='bbox 746 3921 772 3964; x_wconf 94' lang='lat' dir='ltr'>to</span> <span class='ocrx_word' id='word_1_246' title='bbox 791 3915 833 3964; x_wconf 86' lang='lat' dir='ltr'>the</span> <span class='ocrx_word' id='word_1_247' title='bbox 849 3928 891 3964; x_wconf 90' lang='lat' dir='ltr'>see</span> <span class='ocrx_word' id='word_1_248' title='bbox 907 3913 936 3961; x_wconf 81' lang='lat' dir='ltr'>of</span> <span class='ocrx_word' id='word_1_249' title='bbox 952 3912 1059 3962; x_wconf 79' lang='lat' dir='ltr'>Canter-</span> 
     </span>
     <span class='ocr_line' id='line_1_37' title="bbox 116 3983 945 4047; baseline -0.005 -12"><span class='ocrx_word' id='word_1_250' title='bbox 116 3993 119 4001; x_wconf 94' lang='lat'>&#39;</span> <span class='ocrx_word' id='word_1_251' title='bbox 145 3983 306 4035; x_wconf 77' lang='lat' dir='ltr'>¹Wilislmas</span> <span class='ocrx_word' id='word_1_252' title='bbox 322 3986 352 4034; x_wconf 79' lang='lat' dir='ltr'>dc</span> <span class='ocrx_word' id='word_1_253' title='bbox 371 3984 450 4047; x_wconf 78' lang='lat' dir='ltr'>Rea]</span> <span class='ocrx_word' id='word_1_254' title='bbox 474 3984 500 4032; x_wconf 91' lang='lat' dir='ltr'>It</span> <span class='ocrx_word' id='word_1_255' title='bbox 518 3998 573 4033; x_wconf 86' lang='lat' dir='ltr'>was</span> <span class='ocrx_word' id='word_1_256' title='bbox 597 3987 671 4047; x_wconf 86' lang='lat' dir='ltr'>bury.</span> <span class='ocrx_word' id='word_1_257' title='bbox 707 3984 945 4044; x_wconf 82' lang='lat' dir='ltr'>Gervas.;Diceto.</span> 
     </span>
    </p>

    <p class='ocr_par' dir='ltr' id='par_1_5' title="bbox 109 4054 572 4105">
     <span class='ocr_line' id='line_1_38' title="bbox 109 4054 572 4105; baseline -0.006 -1"><span class='ocrx_word' id='word_1_258' title='bbox 109 4055 175 4104; x_wconf 82' lang='lat' dir='ltr'>aiter</span> <span class='ocrx_word' id='word_1_259' title='bbox 185 4055 226 4103; x_wconf 89' lang='lat' dir='ltr'>his</span> <span class='ocrx_word' id='word_1_260' title='bbox 236 4061 322 4105; x_wconf 86' lang='lat' dir='ltr'>return</span> <span class='ocrx_word' id='word_1_261' title='bbox 333 4054 396 4103; x_wconf 85' lang='lat' dir='ltr'>from</span> <span class='ocrx_word' id='word_1_262' title='bbox 413 4054 456 4103; x_wconf 85' lang='lat' dir='ltr'>the</span> <span class='ocrx_word' id='word_1_263' title='bbox 472 4054 572 4104; x_wconf 90' lang='lat' dir='ltr'>couucil</span> 
     </span>
    </p>

    <p class='ocr_par' dir='ltr' id='par_1_6' title="bbox 107 4120 1057 4258">
     <span class='ocr_line' id='line_1_39' title="bbox 107 4120 1057 4186; baseline -0.003 -13"><span class='ocrx_word' id='word_1_264' title='bbox 107 4124 136 4173; x_wconf 82' lang='lat' dir='ltr'>oi</span> <span class='ocrx_word' id='word_1_265' title='bbox 148 4124 232 4174; x_wconf 77' lang='lat' dir='ltr'>&#39;l&#39;ours</span> <span class='ocrx_word' id='word_1_266' title='bbox 245 4125 301 4173; x_wconf 89' lang='lat' dir='ltr'>that</span> <span class='ocrx_word' id='word_1_267' title='bbox 317 4124 415 4173; x_wconf 88' lang='lat' dir='ltr'>Becket</span> <span class='ocrx_word' id='word_1_268' title='bbox 430 4123 571 4174; x_wconf 86' lang='lat' dir='ltr'>demanded</span> <span class='ocrx_word' id='word_1_269' title='bbox 622 4120 786 4186; x_wconf 60' lang='lat' dir='ltr'>Minepford]</span> <span class='ocrx_word' id='word_1_270' title='bbox 799 4121 1057 4185; x_wconf 80' lang='lat' dir='ltr'>Eynsford,inKent;</span> 
     </span>
     <span class='ocr_line' id='line_1_40' title="bbox 108 4193 1027 4258; baseline 0 -16"><span class='ocrx_word' id='word_1_271' title='bbox 108 4194 216 4258; x_wconf 78' lang='lat' dir='ltr'>homage</span> <span class='ocrx_word' id='word_1_272' title='bbox 229 4194 258 4243; x_wconf 80' lang='lat' dir='ltr'>of</span> <span class='ocrx_word' id='word_1_273' title='bbox 270 4193 383 4244; x_wconf 80' lang='lat' dir='ltr'>william</span> <span class='ocrx_word' id='word_1_274' title='bbox 399 4194 433 4243; x_wconf 88' lang='lat' dir='ltr'>de</span> <span class='ocrx_word' id='word_1_275' title='bbox 449 4195 502 4257; x_wconf 77' lang='lat' dir='ltr'>Ros</span> <span class='ocrx_word' id='word_1_276' title='bbox 519 4193 570 4243; x_wconf 87' lang='lat' dir='ltr'>and</span> <span class='ocrx_word' id='word_1_277' title='bbox 596 4194 750 4256; x_wconf 75' lang='lat' dir='ltr'>siu-saph.</span> <span class='ocrx_word' id='word_1_278' title='bbox 762 4209 788 4254; x_wconf 83' lang='lat' dir='ltr'>p.</span> <span class='ocrx_word' id='word_1_279' title='bbox 800 4197 841 4255; x_wconf 74' lang='grc'>28.</span> <span class='ocrx_word' id='word_1_280' title='bbox 1023 4217 1027 4223; x_wconf 97' lang='grc'>-</span> 
     </span>
    </p>
   </div>
   <div class='ocr_carea' id='block_1_4' title="bbox 0 0 1418 4882">
    <p class='ocr_par' dir='ltr' id='par_1_7' title="bbox 0 0 1418 4882">
     <span class='ocr_line' id='line_1_41' title="bbox 0 0 1418 4882; baseline 0 0"><span class='ocrx_word' id='word_1_281' title='bbox 0 0 1418 4882; x_wconf 95' lang='lat' dir='ltr'> </span> 
     </span>
    </p>
   </div>
  </div>
 </body>
</html>
