2820 4882
302 407 346 473 68
559 425 694 474 uocum
718 425 765 472 un
787 424 994 473 wnuuovnn

145 601 267 641 unaue
303 582 529 649 vindicarent.
582 583 692 648 Erant
713 588 830 647 autem
853 580 919 645 viri
941 580 1040 664 quasi
1063 579 1168 657 mille,
1191 581 1253 663 qui

306 684 350 747 ad
377 683 466 748 hanc
494 690 725 766 proruperant
747 683 988 758 temeritatem,
1018 687 1141 745 contra
1166 700 1256 763 quos

305 784 445 866 quidam
477 805 522 848 ex
547 785 689 848 urbanis
717 783 849 865 egressi
876 780 1003 846 bellum
1027 781 1150 864 ingens
1175 801 1256 844 cum

307 884 520 948 nostratibus
543 884 808 964 commiserunt3
831 882 954 945 deinde
974 883 1079 959 cives,
1094 881 1259 945 reseratis

306 983 418 1048 valvis
437 985 579 1066 egressi,
600 984 808 1067 quingentos
829 1002 874 1046 ex
895 982 1021 1046 nostris
1041 1001 1146 1064 super
1167 1002 1255 1064 pon-

306 1090 374 1146 tem
388 1092 617 1166 peremerunt,
633 1083 773 1166 reliquis
790 1102 890 1166 paene
904 1083 1075 1159 omnibus,
1089 1082 1172 1145 dum
1187 1082 1252 1145 flu-

306 1184 409 1247 minis
423 1185 514 1249 vada
536 1185 718 1260 nescirent,
735 1183 933 1248 submersis.
985 1182 1170 1246 Exercitus
1193 1201 1257 1245 au-

306 1291 376 1347 tem
400 1283 509 1361 Petri,
531 1290 666 1349 tantam
687 1303 827 1347 suorum
851 1302 921 1346 non
943 1281 1056 1346 ferens
1078 1283 1257 1366 injuriam,

306 1385 350 1447 ad
366 1402 462 1448 arma
477 1385 674 1460 convolant,
689 1391 736 1461 et,
747 1383 1012 1465 confligentibus
1030 1383 1121 1446 inter
1137 1402 1175 1446 so
1192 1401 1257 1464 ag-

308 1484 468 1561 minibus,
493 1485 689 1549 ceciderunt
715 1503 760 1547 ex
794 1482 984 1565 peregrinis
1009 1483 1109 1564 quasi
1136 1482 1257 1546 decem

306 1583 415 1648 millia
429 1583 592 1662 virorum,
608 1592 643 1648 et
659 1583 756 1647 Petri
773 1582 964 1647 Heremitae
978 1583 1124 1664 pecunia
1140 1589 1217 1647 tota
1234 1602 1257 1646 a

308 1683 471 1766 Bulgaris
488 1692 591 1767 capta
610 1692 675 1762 est,
691 1691 824 1749 retento
839 1683 914 1767 ejus
931 1702 1033 1746 curru
1050 1703 1127 1747 cum
1144 1684 1257 1747 omni-

306 1784 371 1847 bus
395 1804 474 1867 quae
499 1785 668 1865 habebat3
692 1784 747 1848 die
768 1791 884 1848 autem
904 1791 1041 1866 quarto,
1062 1783 1257 1847 recollectis

307 1884 403 1962 viriS,
420 1885 480 1968 qui
495 1885 642 1968 dispersi
660 1893 759 1949 erant
780 1905 841 1968 per
857 1884 988 1965 fugam,
1004 1883 1105 1965 quasi
1127 1884 1171 1948 ad
1194 1885 1258 1948 tri·

307 1985 406 2064 ginta
422 1985 542 2064 millia,
560 2005 679 2051 rursus
703 2005 740 2049 se
759 1985 802 2049 ad
822 1985 889 2048 iter
904 1984 1135 2065 accingentes
1150 1985 1256 2063 viam,

305 2083 388 2148 licet
402 2105 479 2149 cum
495 2105 622 2168 magna
634 2084 846 2160 difficultate,
861 2083 1078 2160 continuant,
1093 2091 1127 2148 et
1142 2093 1257 2149 matu·

305 2192 383 2248 rato
407 2184 531 2249 itinere
554 2184 891 2266 Constantinopolim
913 2191 1165 2266 pervenerunt3
1197 2186 1257 2249 ubi

308 2283 435 2348 Petrus
451 2285 667 2369 imperatoris
687 2283 858 2366 colloquio
876 2283 997 2360 fretuS,
1013 2304 1090 2349 cum
1105 2304 1168 2366 per
1183 2285 1256 2350 dies

309 2384 443 2466 aliquot
464 2387 654 2450 exercitum
677 2384 802 2448 ibidem
824 2390 1025 2461 recreasset,
1041 2405 1086 2448 ex
1106 2385 1256 2467 impera·

308 2483 394 2546 toris
422 2485 598 2562 mandato,
622 2485 771 2549 transito
797 2482 1040 2566 Hellesponto,
1066 2486 1103 2548 in
1131 2484 1256 2569 Bithy-

309 2583 414 2662 niam,
433 2603 511 2667 quae
534 2585 645 2668 prima
666 2592 720 2649 est
738 2583 835 2648 Asiae
859 2584 1051 2666 provincia,
1070 2585 1257 2651 descende·

309 2691 411 2764 runt3
437 2685 559 2750 deinde
584 2686 628 2750 ad
651 2684 766 2749 locum
789 2703 896 2767 supra
912 2684 1002 2748 idem
1024 2705 1118 2749 mare
1138 2685 1257 2764 situm,

308 2783 365 2846 cui
381 2785 518 2850 nomine
533 2784 700 2862 Cinitoth,
717 2784 905 2863 venientes,
921 2785 1159 2851 castrametati
1174 2794 1258 2851 sunt

308 2882 446 2950 ibidem.

342 3036 344 3039 Ι
374 3059 424 3124 De
438 3059 566 3125 interito
580 3060 713 3147 triptota
730 3059 866 3126 millium
883 3082 970 3126 cruce
984 3063 1184 3148 sipuotorum.

145 3200 268 3290 ginosos
360 3183 446 3250 Erat
475 3193 591 3249 autem
616 3185 713 3249 locus
738 3184 796 3247 ille
821 3183 856 3247 in
887 3184 1036 3248 confinio
1062 3185 1256 3250 Turcorum

169 3253 296 3292 ‘cm'
308 3287 454 3369 positae,
479 3306 593 3350 rerum
617 3285 769 3349 omnium
794 3290 830 3347 et
856 3284 1029 3366 praecipue
1053 3286 1256 3351 victualium

308 3386 519 3469 opulentus3
549 3404 695 3466 cqmque
725 3383 851 3447 ibidem
876 3385 976 3466 quasi
1003 3384 1136 3449 duobus
1160 3406 1256 3450 men-

308 3487 403 3550 sibus
427 3485 639 3549 consedisset
661 3484 845 3561 exercitus,
871 3492 1050 3568 coeperunt
1068 3484 1185 3549 Latini
1211 3487 1256 3550 ad

307 3586 423 3649 decem
451 3584 560 3647 millia
586 3584 738 3648 virorum
770 3584 946 3667 regionem
977 3584 1187 3667 perlustrare
1220 3594 1256 3651 et

307 3704 431 3768 greges
453 3684 583 3766 paritor
599 3685 801 3749 contrahere
819 3691 855 3750 et
874 3692 1041 3761 armenta,
1058 3691 1162 3768 atque
1177 3707 1256 3751 ver-

306 3806 366 3850 sus
385 3785 542 3850 Nicaeam
559 3785 677 3848 urbem
705 3785 873 3849 ordinatis
889 3785 1083 3866 agminibus
1097 3785 1256 3867 profecti,

305 3906 384 3951 cum
404 3886 523 3968 praeda
537 3885 701 3962 maxima,
719 3885 794 3948 sine
814 3904 956 3949 suorum
974 3885 1152 3968 dispendio
1172 3894 1256 3952 sunt

305 3986 445 4052 reversi.
500 3985 610 4050 Porro
632 3985 829 4062 Teutonici,
846 3984 1002 4049 videntes
1023 3985 1116 4067 quod
1138 3986 1175 4049 in
1194 3986 1255 4052 illo

304 4086 444 4168 negotio
469 4084 602 4148 Latinis
625 4104 788 4169 prospere
811 4085 1005 4160 accidisset,
1028 4084 1256 4151 decreverunt

305 4194 340 4251 et
359 4186 426 4268 ipsi
441 4184 552 4248 simile
570 4185 700 4268 aliquid
721 4192 913 4266 attentare3
932 4185 1022 4248 unde
1040 4185 1084 4249 ad
1103 4187 1254 4271 [decem]
