2820 4882
442 397 581 445 mouns
606 396 875 446 arsrorrruuuu.
1063 382 1128 446 257

178 553 301 631 solum,
324 562 363 618 ut
383 563 545 639 parentes
565 556 744 634 visitaret;
767 556 837 637 qui,
860 574 936 618 cum
958 553 1125 637 aliquam·
1138 567 1193 607 M>-
1205 570 1275 659 ¹d¹⁵f³4h

177 655 233 718 diu
259 655 297 718 in
319 656 461 736 regione
483 656 544 720 illa
570 656 767 719 demoratus
792 655 924 732 fuisset,
949 656 1055 737 coepit
1079 657 1122 720 ad
1135 630 1287 759 gummtssrof

175 761 325 819 mentem
351 756 514 819 reducere
539 756 647 820 vitam
670 774 768 818 suam
790 756 876 819 adeo
903 755 1124 837 flagitiosam,
1150 745 1157 759 ’
1239 744 1245 760 ’

175 855 265 936 quod
284 856 330 919 ab
350 856 436 937 ipsis
462 855 642 919 cunabulis
670 855 836 919 incendiis
862 875 998 936 semper
1020 874 1124 920 vaca-

175 962 274 1019 verat
296 962 332 1018 et
351 955 498 1037 rapinis,
521 963 568 1032 et,
588 954 681 1038 quod
708 956 818 1036 magis
842 955 993 1031 dolebat,
1010 957 1057 1018 se
1071 976 1123 1020 ec·

175 1053 357 1118 elesiarum
378 1054 484 1119 fuisse
505 1056 707 1119 violatorem
727 1062 762 1118 et
781 1074 894 1118 rerum
917 1054 1123 1122 ecclesiasti·

174 1173 292 1217 carum
307 1155 515 1233 invasorem,
527 1161 654 1239 praeter
666 1155 776 1220 multa
792 1154 957 1230 enormia,
973 1174 1051 1236 quae
1066 1156 1120 1218 in·

174 1253 344 1319 trinsecus
361 1255 528 1330 latebant,
553 1262 708 1336 peccata.
763 1255 866 1318 Miles
889 1255 998 1337 igitur
1011 1256 1123 1336 poeui-

174 1354 285 1418 tentia
309 1355 434 1420 ductus
463 1355 507 1418 ad
536 1356 735 1437 episcopum
758 1354 928 1437 quendam
952 1354 1046 1418 illius
1070 1375 1120 1419 re·

174 1453 287 1534 gionis
308 1455 465 1531 accessit,
482 1455 537 1519 cui
554 1475 632 1519 cum
651 1462 795 1538 peccata
814 1473 879 1519 sua
895 1455 1042 1519 devotus
1058 1475 1120 1537 per

174 1555 328 1618 ordinem
352 1556 540 1632 retulisset,
559 1555 752 1638 increpavit
773 1575 850 1618 eum
875 1556 1029 1636 graviter
1048 1557 1119 1637 epi·

173 1673 310 1740 scopuS,
341 1675 498 1720 asserens
528 1655 625 1718 illum
656 1655 757 1719 nimis
787 1655 939 1719 divinam
973 1655 1119 1720 clemen-

172 1754 256 1818 tiam
285 1755 490 1835 offendisse;
522 1756 613 1819 unde
638 1756 737 1819 miles
760 1755 906 1819 multum
934 1757 1117 1820 contrista·

172 1861 229 1917 tus
256 1857 333 1920 Deo
358 1857 565 1938 condignam
586 1855 699 1920 facere
724 1855 964 1938 poenitentiam
988 1854 1120 1937 cogita·

174 1956 236 2019 vit.
289 1956 484 2038 Episcopus
498 1962 626 2033 autem,
643 1963 682 2019 ut
694 1955 827 2040 justum
844 1956 910 2019 sibi
925 1955 1118 2031 videbatur,

172 2055 294 2118 volens
313 2055 344 2119 ei
364 2055 521 2138 infligere
537 2056 790 2138 poenitentiam,
810 2055 907 2118 miles
930 2056 1119 2136 respondit,

174 2155 295 2218 ‘Dum
320 2155 440 2238 igitur,
464 2163 504 2220 ut
530 2157 669 2232 asseris,
696 2155 878 2219 Factorem
906 2174 1020 2218 meum
1047 2160 1118 2219 tam

174 2256 329 2335 graviter
352 2256 563 2334 offenderim,
587 2255 827 2338 poenitentiam
847 2274 1021 2318 assumam
1049 2274 1122 2318 om-

173 2356 273 2419 nibus
295 2356 510 2438 poenitentiis
535 2357 743 2438 graviorem,
766 2362 813 2432 et,
836 2362 875 2419 ut
897 2362 1118 2437 peccatorum

171 2475 324 2520 meorum
347 2475 479 2520 merear
504 2455 738 2520 remissionem
760 2456 927 2538 accipere,
951 2462 1118 2538 purgato·

172 2557 260 2619 rium
281 2557 393 2620 sancti
415 2555 560 2621 Patricii
576 2557 657 2620 volo
672 2555 827 2619 intrare.'
879 2553 934 2619 De
953 2556 1019 2620 hoc
1033 2576 1120 2638 quo·

78 2646 81 2649 ’
172 2676 238 2739 que
267 2657 482 2738 purgatorio,
512 2663 548 2720 et
575 2656 651 2739 ejus
678 2654 823 2737 origine,
849 2657 941 2738 quod
965 2657 1120 2738 sequitur

171 2756 314 2820 tradunt
326 2764 460 2821 veteres
476 2755 631 2821 historiae
649 2755 897 2819 Hibernenses.

181 3014 184 3018 ἡ
357 2935 407 2998 Dc
421 2934 540 2999 ratione
549 2935 733 3021 parpaton'i
746 2935 933 3020 srmrcdicti.

222 3056 381 3139 Magnus
397 3050 601 3135 ¹Patricius,
621 3059 702 3122 dum
729 3060 764 3122 in
786 3058 956 3124 Hibernia
977 3062 1119 3125 verbum

173 3155 241 3221 Dei
258 3157 462 3240 praedicaret
479 3166 515 3222 et
534 3159 652 3223 multis
674 3159 721 3224 ibi
742 3160 984 3224 miraculorum
1008 3161 1118 3244 signis

173 3265 382 3335 coruscaret,
410 3258 573 3322 bestiales
601 3259 695 3323 illius
720 3262 842 3343 patriae
871 3260 1026 3325 homines
1052 3269 1118 3326 ter·

171 3374 249 3422 rore
266 3357 485 3422 infernalium
500 3366 748 3424 tormentorum
769 3357 810 3424 ac
830 3361 982 3442 paradisi
1002 3380 1118 3424 amore

173 3458 377 3538 gaudiorum
395 3459 578 3523 amortuis
595 3461 729 3524 studuit
752 3460 912 3540 operibus
936 3480 1116 3540 revocare;

174 3557 234 3620 sed
254 3557 324 3639 ipsi
341 3559 447 3641 plano
470 3578 627 3623 sermone
645 3557 873 3635 affirmabant,
893 3576 931 3622 se
951 3581 1018 3624 non
1036 3581 1118 3625 con·

173 3666 335 3722 versuros
349 3659 393 3723 ad
408 3657 596 3736 Christum,
612 3659 678 3722 nisi
692 3659 831 3723 oculata
844 3658 911 3722 fide
927 3661 1021 3740 prius
1036 3674 1122 3724 cond

173 3758 359 3840 spicerent,
379 3778 457 3841 quae
478 3759 649 3840 promisit.
688 3758 791 3822 Unde
806 3758 929 3822 beatus
946 3757 1120 3823 Patricius

174 3858 256 3923 dum
273 3878 337 3941 pro
354 3857 467 3924 salute
483 3858 604 3944 populi
620 3859 655 3922 in
671 3858 827 3944 jejuniis,
842 3858 971 3940 vigiliis
993 3866 1027 3921 et
1041 3878 1121 3923 ora-

172 3959 325 4024 tionibus
356 3959 497 4042 positus
526 3961 713 4025 Dominum
745 3965 945 4040 precaretur
973 3978 1124 4040 propen-

218 4192 227 4225 ¹
239 4162 389 4260 Petriana]
404 4178 528 4258 Compare
539 4195 598 4245 Act,
610 4195 656 4244 SS.
667 4207 747 4243 mens.
760 4192 838 4243 Mart.
848 4197 907 4243 tom.
920 4193 947 4242 ii.
959 4193 1007 4242 col.
1020 4198 1077 4246 589.

225 4287 304 4335 VOL.
323 4286 364 4336 ΙΙ.
954 4283 972 4330 S
