<?xml version="1.0" encoding="UTF-8"?>
<!DOCTYPE html PUBLIC "-//W3C//DTD XHTML 1.0 Transitional//EN"
    "http://www.w3.org/TR/xhtml1/DTD/xhtml1-transitional.dtd">
<html xmlns="http://www.w3.org/1999/xhtml" xml:lang="en" lang="en">
 <head>
  <title>
</title>
<meta http-equiv="Content-Type" content="text/html;charset=utf-8" />
  <meta name='ocr-system' content='tesseract 3.04.00' />
  <meta name='ocr-capabilities' content='ocr_page ocr_carea ocr_par ocr_line ocrx_word'/>
</head>
<body>
  <div class='ocr_page' id='page_1' title='image "./rogeridewendove01rogegoog_0329.png"; bbox 0 0 2820 4882; ppageno 0'>
   <div class='ocr_carea' id='block_1_1' title="bbox 202 579 325 716">
    <p class='ocr_par' dir='ltr' id='par_1_1' title="bbox 202 579 325 716">
     <span class='ocr_line' id='line_1_1' title="bbox 202 579 325 618; baseline -0.008 0"><span class='ocrx_word' id='word_1_1' title='bbox 202 579 257 618; x_wconf 81' lang='grc' dir='ltr'><strong>Α.1).</strong></span> <span class='ocrx_word' id='word_1_2' title='bbox 269 579 325 617; x_wconf 74' lang='lat' dir='ltr'><strong>llud.</strong></span> 
     </span>
     <span class='ocr_line' id='line_1_2' title="bbox 202 630 286 668; baseline 0 0"><span class='ocrx_word' id='word_1_3' title='bbox 202 630 286 668; x_wconf 76' lang='lat' dir='ltr'><strong>Letters</strong></span> 
     </span>
     <span class='ocr_line' id='line_1_3' title="bbox 203 679 315 716; baseline 0 0"><span class='ocrx_word' id='word_1_4' title='bbox 203 681 224 716; x_wconf 91' lang='grc'><strong>61</strong></span> <span class='ocrx_word' id='word_1_5' title='bbox 234 679 315 716; x_wconf 78' lang='lat' dir='ltr'><strong>Beckct</strong></span> 
     </span>
    </p>
   </div>
   <div class='ocr_carea' id='block_1_2' title="bbox 203 727 409 772">
    <p class='ocr_par' dir='ltr' id='par_1_2' title="bbox 203 727 409 772">
     <span class='ocr_line' id='line_1_4' title="bbox 203 727 409 772; baseline 0.005 -6"><span class='ocrx_word' id='word_1_6' title='bbox 203 729 245 767; x_wconf 84' lang='lat' dir='ltr'><strong>and</strong></span> <span class='ocrx_word' id='word_1_7' title='bbox 253 727 330 768; x_wconf 80' lang='lat' dir='ltr'><strong>otherr-</strong></span> <span class='ocrx_word' id='word_1_8' title='bbox 402 758 409 772; x_wconf 83' lang='lat'><strong>.</strong></span> 
     </span>
    </p>
   </div>
   <div class='ocr_carea' id='block_1_3' title="bbox 204 1171 301 1263">
    <p class='ocr_par' dir='ltr' id='par_1_3' title="bbox 204 1171 301 1263">
     <span class='ocr_line' id='line_1_5' title="bbox 204 1171 301 1213; baseline -0.01 0"><span class='ocrx_word' id='word_1_9' title='bbox 204 1171 301 1213; x_wconf 79' lang='lat' dir='ltr'><strong>Becket&#39;s</strong></span> 
     </span>
     <span class='ocr_line' id='line_1_6' title="bbox 205 1233 293 1263; baseline -0.023 -1"><span class='ocrx_word' id='word_1_10' title='bbox 205 1233 293 1263; x_wconf 80' lang='lat' dir='ltr'><strong>arrswer.</strong></span> 
     </span>
    </p>
   </div>
   <div class='ocr_carea' id='block_1_4' title="bbox 363 384 1057 453">
    <p class='ocr_par' dir='ltr' id='par_1_4' title="bbox 363 384 1057 453">
     <span class='ocr_line' id='line_1_7' title="bbox 363 384 1057 453; baseline -0.007 -1"><span class='ocrx_word' id='word_1_11' title='bbox 363 384 430 453; x_wconf 81' lang='lat'><strong>318</strong></span> <span class='ocrx_word' id='word_1_12' title='bbox 622 401 756 449; x_wconf 83' lang='lat' dir='ltr'><strong>noounr</strong></span> <span class='ocrx_word' id='word_1_13' title='bbox 781 402 827 448; x_wconf 86' lang='lat' dir='ltr'><strong>nn</strong></span> <span class='ocrx_word' id='word_1_14' title='bbox 850 401 1057 449; x_wconf 81' lang='lat' dir='ltr'><strong>wnuuovnn</strong></span> 
     </span>
    </p>
   </div>
   <div class='ocr_carea' id='block_1_5' title="bbox 364 554 1317 840">
    <p class='ocr_par' dir='ltr' id='par_1_5' title="bbox 364 554 1317 840">
     <span class='ocr_line' id='line_1_8' title="bbox 364 554 1317 641; baseline -0.004 -19"><span class='ocrx_word' id='word_1_15' title='bbox 364 554 441 623; x_wconf 88' lang='lat' dir='ltr'><strong>rato</strong></span> <span class='ocrx_word' id='word_1_16' title='bbox 470 577 561 623; x_wconf 92' lang='lat' dir='ltr'><strong>nunc</strong></span> <span class='ocrx_word' id='word_1_17' title='bbox 584 560 629 622; x_wconf 90' lang='lat' dir='ltr'><strong>ad</strong></span> <span class='ocrx_word' id='word_1_18' title='bbox 651 576 778 641; x_wconf 89' lang='lat' dir='ltr'><strong>papam</strong></span> <span class='ocrx_word' id='word_1_19' title='bbox 805 559 1021 641; x_wconf 81' lang='lat' dir='ltr'><strong>appellamus</strong></span> <span class='ocrx_word' id='word_1_20' title='bbox 1045 577 1108 640; x_wconf 91' lang='lat' dir='ltr'><strong>per</strong></span> <span class='ocrx_word' id='word_1_21' title='bbox 1134 560 1317 639; x_wconf 87' lang='lat' dir='ltr'><strong>scriptum,</strong></span> 
     </span>
     <span class='ocr_line' id='line_1_9' title="bbox 365 657 1315 740; baseline -0.004 -18"><span class='ocrx_word' id='word_1_22' title='bbox 365 666 401 722; x_wconf 92' lang='lat' dir='ltr'><strong>et</strong></span> <span class='ocrx_word' id='word_1_23' title='bbox 420 658 663 740; x_wconf 82' lang='lat' dir='ltr'>appellationis</span> <span class='ocrx_word' id='word_1_24' title='bbox 686 659 868 722; x_wconf 88' lang='lat' dir='ltr'><strong>terminum</strong></span> <span class='ocrx_word' id='word_1_25' title='bbox 892 658 983 722; x_wconf 92' lang='lat' dir='ltr'><strong>diem</strong></span> <span class='ocrx_word' id='word_1_26' title='bbox 1005 657 1218 721; x_wconf 84' lang='lat' dir='ltr'><strong>ascensionis</strong></span> <span class='ocrx_word' id='word_1_27' title='bbox 1240 657 1315 722; x_wconf 94' lang='lat' dir='ltr'><strong>Do-</strong></span> 
     </span>
     <span class='ocr_line' id='line_1_10' title="bbox 364 758 861 840; baseline 0.002 -20"><span class='ocrx_word' id='word_1_28' title='bbox 364 758 501 820; x_wconf 88' lang='lat' dir='ltr'><strong>m1nicae</strong></span> <span class='ocrx_word' id='word_1_29' title='bbox 517 758 762 838; x_wconf 70' lang='lat' dir='ltr'><strong>assignamus!</strong></span> <span class='ocrx_word' id='word_1_30' title='bbox 857 832 861 840; x_wconf 91' lang='lat'>.</span> 
     </span>
    </p>
   </div>
   <div class='ocr_carea' id='block_1_6' title="bbox 365 926 1318 1334">
    <p class='ocr_par' dir='ltr' id='par_1_6' title="bbox 365 926 1318 1334">
     <span class='ocr_line' id='line_1_11' title="bbox 390 926 1285 1016; baseline -0.007 -21"><span class='ocrx_word' id='word_1_31' title='bbox 390 929 537 1016; x_wconf 66' lang='lat' dir='ltr'><strong>Epistode</strong></span> <span class='ocrx_word' id='word_1_32' title='bbox 554 927 635 995; x_wconf 77' lang='lat' dir='ltr'><strong>beuti</strong></span> <span class='ocrx_word' id='word_1_33' title='bbox 652 930 780 1005; x_wconf 69' lang='lat' dir='ltr'><strong>tuum,</strong></span> <span class='ocrx_word' id='word_1_34' title='bbox 799 928 1033 993; x_wconf 64' lang='grc'><strong>0661666666</strong></span> <span class='ocrx_word' id='word_1_35' title='bbox 1046 926 1285 1012; x_wconf 58' lang='lat' dir='ltr'><strong>archicpiscopi,</strong></span> 
     </span>
     <span class='ocr_line' id='line_1_12' title="bbox 576 1028 1101 1114; baseline -0.006 -20"><span class='ocrx_word' id='word_1_36' title='bbox 576 1029 622 1094; x_wconf 79' lang='lat' dir='ltr'><strong>od</strong></span> <span class='ocrx_word' id='word_1_37' title='bbox 636 1029 786 1114; x_wconf 79' lang='lat' dir='ltr'><strong>episcopos</strong></span> <span class='ocrx_word' id='word_1_38' title='bbox 801 1028 1013 1113; x_wconf 69' lang='lat' dir='ltr'><strong>suffragamur</strong></span> <span class='ocrx_word' id='word_1_39' title='bbox 1024 1047 1101 1091; x_wconf 82' lang='lat' dir='ltr'><strong>suos.</strong></span> 
     </span>
     <span class='ocr_line' id='line_1_13' title="bbox 408 1147 1318 1234; baseline -0.005 -18"><span class='ocrx_word' id='word_1_40' title='bbox 408 1147 604 1229; x_wconf 85' lang='lat' dir='ltr'><strong>‘Thomas,¹</strong></span> <span class='ocrx_word' id='word_1_41' title='bbox 618 1152 881 1218; x_wconf 76' lang='lat' dir='ltr'><strong>cantuariensis</strong></span> <span class='ocrx_word' id='word_1_42' title='bbox 893 1148 1318 1234; x_wconf 87' lang='lat' dir='ltr'><strong>archiepiscopus,suffra·.</strong></span> 
     </span>
     <span class='ocr_line' id='line_1_14' title="bbox 365 1249 1316 1334; baseline -0.006 -18"><span class='ocrx_word' id='word_1_43' title='bbox 365 1254 486 1334; x_wconf 86' lang='lat' dir='ltr'><strong>ganeis</strong></span> <span class='ocrx_word' id='word_1_44' title='bbox 500 1253 585 1317; x_wconf 91' lang='lat' dir='ltr'><strong>suis.</strong></span> <span class='ocrx_word' id='word_1_45' title='bbox 623 1251 867 1316; x_wconf 85' lang='lat' dir='ltr'><strong>Fraternitatis</strong></span> <span class='ocrx_word' id='word_1_46' title='bbox 883 1258 1009 1315; x_wconf 85' lang='lat' dir='ltr'><strong>vestrae</strong></span> <span class='ocrx_word' id='word_1_47' title='bbox 1025 1251 1205 1332; x_wconf 88' lang='lat' dir='ltr'><strong>scriptum,</strong></span> <span class='ocrx_word' id='word_1_48' title='bbox 1221 1249 1316 1329; x_wconf 90' lang='lat' dir='ltr'><strong>quod</strong></span> 
     </span>
    </p>
   </div>
   <div class='ocr_carea' id='block_1_7' title="bbox 364 1347 1359 2223">
    <p class='ocr_par' dir='ltr' id='par_1_7' title="bbox 364 1347 1359 2223">
     <span class='ocr_line' id='line_1_15' title="bbox 365 1347 1316 1416; baseline -0.005 -1"><span class='ocrx_word' id='word_1_49' title='bbox 365 1358 481 1415; x_wconf 89' lang='lat' dir='ltr'><strong>tamen</strong></span> <span class='ocrx_word' id='word_1_50' title='bbox 503 1351 545 1414; x_wconf 88' lang='lat' dir='ltr'><strong>de</strong></span> <span class='ocrx_word' id='word_1_51' title='bbox 567 1351 740 1416; x_wconf 91' lang='lat' dir='ltr'><strong>communi</strong></span> <span class='ocrx_word' id='word_1_52' title='bbox 753 1357 871 1414; x_wconf 89' lang='lat' dir='ltr'><strong>vestro</strong></span> <span class='ocrx_word' id='word_1_53' title='bbox 888 1349 1034 1414; x_wconf 91' lang='lat' dir='ltr'><strong>consilio</strong></span> <span class='ocrx_word' id='word_1_54' title='bbox 1053 1368 1123 1413; x_wconf 90' lang='grc'><strong>666</strong></span> <span class='ocrx_word' id='word_1_55' title='bbox 1143 1347 1316 1412; x_wconf 89' lang='lat' dir='ltr'><strong>credimus</strong></span> 
     </span>
     <span class='ocr_line' id='line_1_16' title="bbox 365 1447 1316 1532; baseline -0.003 -20"><span class='ocrx_word' id='word_1_56' title='bbox 365 1467 557 1526; x_wconf 88' lang='lat' dir='ltr'><strong>emanasse,</strong></span> <span class='ocrx_word' id='word_1_57' title='bbox 587 1463 697 1531; x_wconf 81' lang='lat' dir='ltr'><strong>nuper</strong></span> <span class='ocrx_word' id='word_1_58' title='bbox 721 1449 947 1531; x_wconf 84' lang='lat' dir='ltr'><strong>suscepimus,</strong></span> <span class='ocrx_word' id='word_1_59' title='bbox 974 1448 1075 1532; x_wconf 91' lang='lat' dir='ltr'><strong>cujus</strong></span> <span class='ocrx_word' id='word_1_60' title='bbox 1100 1447 1316 1511; x_wconf 89' lang='lat' dir='ltr'><strong>continentia</strong></span> 
     </span>
     <span class='ocr_line' id='line_1_17' title="bbox 364 1546 1315 1630; baseline -0.004 -19"><span class='ocrx_word' id='word_1_61' title='bbox 364 1549 443 1630; x_wconf 90' lang='lat' dir='ltr'><strong>plns</strong></span> <span class='ocrx_word' id='word_1_62' title='bbox 467 1548 572 1612; x_wconf 86' lang='lat' dir='ltr'><strong>habet</strong></span> <span class='ocrx_word' id='word_1_63' title='bbox 589 1548 825 1613; x_wconf 88' lang='lat' dir='ltr'><strong>mordacitatis</strong></span> <span class='ocrx_word' id='word_1_64' title='bbox 845 1567 949 1630; x_wconf 90' lang='lat' dir='ltr'><strong>quam</strong></span> <span class='ocrx_word' id='word_1_65' title='bbox 969 1547 1105 1626; x_wconf 82' lang='lat' dir='ltr'><strong>solatii3</strong></span> <span class='ocrx_word' id='word_1_66' title='bbox 1130 1553 1165 1609; x_wconf 90' lang='lat' dir='ltr'><strong>et</strong></span> <span class='ocrx_word' id='word_1_67' title='bbox 1182 1546 1315 1608; x_wconf 89' lang='lat' dir='ltr'><strong>utinam</strong></span> 
     </span>
     <span class='ocr_line' id='line_1_18' title="bbox 364 1646 1315 1728; baseline -0.004 -18"><span class='ocrx_word' id='word_1_68' title='bbox 364 1647 476 1728; x_wconf 84' lang='lat' dir='ltr'><strong>magis</strong></span> <span class='ocrx_word' id='word_1_69' title='bbox 498 1647 660 1710; x_wconf 89' lang='lat' dir='ltr'><strong>emissum</strong></span> <span class='ocrx_word' id='word_1_70' title='bbox 682 1654 774 1710; x_wconf 89' lang='lat' dir='ltr'><strong>essct</strong></span> <span class='ocrx_word' id='word_1_71' title='bbox 798 1646 841 1710; x_wconf 90' lang='lat' dir='ltr'><strong>de</strong></span> <span class='ocrx_word' id='word_1_72' title='bbox 862 1647 1018 1710; x_wconf 89' lang='lat' dir='ltr'><strong>caritatis</strong></span> <span class='ocrx_word' id='word_1_73' title='bbox 1047 1646 1182 1722; x_wconf 89' lang='lat' dir='ltr'><strong>effectu,</strong></span> <span class='ocrx_word' id='word_1_74' title='bbox 1209 1664 1315 1727; x_wconf 89' lang='lat' dir='ltr'><strong>quam</strong></span> 
     </span>
     <span class='ocr_line' id='line_1_19' title="bbox 365 1745 1317 1826; baseline -0.001 -19"><span class='ocrx_word' id='word_1_75' title='bbox 365 1745 408 1808; x_wconf 89' lang='lat' dir='ltr'><strong>dc</strong></span> <span class='ocrx_word' id='word_1_76' title='bbox 425 1745 622 1810; x_wconf 90' lang='lat' dir='ltr'><strong>obedientia</strong></span> <span class='ocrx_word' id='word_1_77' title='bbox 632 1746 844 1810; x_wconf 88' lang='lat' dir='ltr'><strong>voluntatis!</strong></span> <span class='ocrx_word' id='word_1_78' title='bbox 884 1746 974 1810; x_wconf 89' lang='lat' dir='ltr'><strong>Dico</strong></span> <span class='ocrx_word' id='word_1_79' title='bbox 991 1745 1102 1821; x_wconf 88' lang='lat' dir='ltr'><strong>vobis,</strong></span> <span class='ocrx_word' id='word_1_80' title='bbox 1116 1745 1215 1808; x_wconf 89' lang='lat' dir='ltr'><strong>salva</strong></span> <span class='ocrx_word' id='word_1_81' title='bbox 1230 1762 1317 1826; x_wconf 83' lang='lat' dir='ltr'><strong>pace</strong></span> 
     </span>
     <span class='ocr_line' id='line_1_20' title="bbox 364 1843 1316 1926; baseline -0.002 -19"><span class='ocrx_word' id='word_1_82' title='bbox 364 1851 493 1922; x_wconf 85' lang='lat' dir='ltr'><strong>vestra,</strong></span> <span class='ocrx_word' id='word_1_83' title='bbox 517 1845 609 1926; x_wconf 91' lang='lat' dir='ltr'><strong>quod</strong></span> <span class='ocrx_word' id='word_1_84' title='bbox 636 1844 746 1908; x_wconf 90' lang='lat' dir='ltr'><strong>multo</strong></span> <span class='ocrx_word' id='word_1_85' title='bbox 766 1852 921 1926; x_wconf 87' lang='lat' dir='ltr'><strong>tempore</strong></span> <span class='ocrx_word' id='word_1_86' title='bbox 941 1844 1036 1921; x_wconf 87' lang='lat' dir='ltr'><strong>silui,</strong></span> <span class='ocrx_word' id='word_1_87' title='bbox 1053 1850 1263 1926; x_wconf 88' lang='lat' dir='ltr'><strong>exspectans</strong></span> <span class='ocrx_word' id='word_1_88' title='bbox 1283 1843 1316 1905; x_wconf 92' lang='lat' dir='ltr'><strong>si</strong></span> 
     </span>
     <span class='ocr_line' id='line_1_21' title="bbox 364 1938 1359 2026; baseline -0.001 -21"><span class='ocrx_word' id='word_1_89' title='bbox 364 1943 453 2008; x_wconf 86' lang='lat' dir='ltr'><strong>forte</strong></span> <span class='ocrx_word' id='word_1_90' title='bbox 474 1944 660 2026; x_wconf 78' lang='lat' dir='ltr'><strong>inspiraret</strong></span> <span class='ocrx_word' id='word_1_91' title='bbox 673 1943 772 2008; x_wconf 86' lang='lat' dir='ltr'><strong>vobis</strong></span> <span class='ocrx_word' id='word_1_92' title='bbox 796 1943 893 2007; x_wconf 91' lang='lat' dir='ltr'><strong>Deus</strong></span> <span class='ocrx_word' id='word_1_93' title='bbox 914 1950 955 2007; x_wconf 91' lang='lat' dir='ltr'><strong>ut</strong></span> <span class='ocrx_word' id='word_1_94' title='bbox 976 1942 1195 2006; x_wconf 88' lang='lat' dir='ltr'><strong>resumeretis</strong></span> <span class='ocrx_word' id='word_1_95' title='bbox 1212 1943 1318 2017; x_wconf 89' lang='lat' dir='ltr'><strong>vires,</strong></span> <span class='ocrx_word' id='word_1_96' title='bbox 1356 1938 1359 1943; x_wconf 73' lang='grc'><strong><em>’</em></strong></span> 
     </span>
     <span class='ocr_line' id='line_1_22' title="bbox 364 2041 1317 2124; baseline -0.001 -20"><span class='ocrx_word' id='word_1_97' title='bbox 364 2043 425 2124; x_wconf 91' lang='lat' dir='ltr'><strong>qui</strong></span> <span class='ocrx_word' id='word_1_98' title='bbox 447 2043 605 2107; x_wconf 89' lang='lat' dir='ltr'><strong>conversi</strong></span> <span class='ocrx_word' id='word_1_99' title='bbox 628 2042 712 2106; x_wconf 90' lang='lat' dir='ltr'><strong>estis</strong></span> <span class='ocrx_word' id='word_1_100' title='bbox 734 2050 922 2106; x_wconf 85' lang='lat' dir='ltr'><strong>retrorsum</strong></span> <span class='ocrx_word' id='word_1_101' title='bbox 944 2042 1055 2106; x_wconf 93' lang='lat' dir='ltr'><strong>indie</strong></span> <span class='ocrx_word' id='word_1_102' title='bbox 1076 2042 1170 2119; x_wconf 86' lang='lat' dir='ltr'><strong>belli,</strong></span> <span class='ocrx_word' id='word_1_103' title='bbox 1190 2042 1220 2104; x_wconf 91' lang='lat' dir='ltr'><strong>si</strong></span> <span class='ocrx_word' id='word_1_104' title='bbox 1245 2041 1317 2103; x_wconf 90' lang='lat' dir='ltr'><strong>sal-</strong></span> 
     </span>
     <span class='ocr_line' id='line_1_23' title="bbox 365 2141 1317 2223; baseline -0.001 -18"><span class='ocrx_word' id='word_1_105' title='bbox 365 2149 433 2205; x_wconf 88' lang='lat' dir='ltr'><strong>tem</strong></span> <span class='ocrx_word' id='word_1_106' title='bbox 461 2141 588 2223; x_wconf 88' lang='lat' dir='ltr'><strong>aliquis</strong></span> <span class='ocrx_word' id='word_1_107' title='bbox 614 2161 659 2204; x_wconf 86' lang='lat' dir='ltr'><strong>ex</strong></span> <span class='ocrx_word' id='word_1_108' title='bbox 683 2142 782 2205; x_wconf 84' lang='lat' dir='ltr'><strong>vobis</strong></span> <span class='ocrx_word' id='word_1_109' title='bbox 803 2141 1006 2205; x_wconf 87' lang='lat' dir='ltr'><strong>ascenderet</strong></span> <span class='ocrx_word' id='word_1_110' title='bbox 1027 2161 1072 2204; x_wconf 84' lang='lat' dir='ltr'><strong>ex</strong></span> <span class='ocrx_word' id='word_1_111' title='bbox 1096 2141 1256 2217; x_wconf 86' lang='lat' dir='ltr'><strong>adverso,</strong></span> <span class='ocrx_word' id='word_1_112' title='bbox 1279 2148 1317 2204; x_wconf 90' lang='lat' dir='ltr'><strong>et</strong></span> 
     </span>
    </p>
   </div>
   <div class='ocr_carea' id='block_1_8' title="bbox 281 2239 1316 2323">
    <p class='ocr_par' dir='ltr' id='par_1_8' title="bbox 281 2239 1316 2323">
     <span class='ocr_line' id='line_1_24' title="bbox 281 2239 1316 2323; baseline -0.002 -20"><span class='ocrx_word' id='word_1_113' title='bbox 281 2240 284 2246; x_wconf 84' lang='lat'>&#39;</span> <span class='ocrx_word' id='word_1_114' title='bbox 365 2248 556 2322; x_wconf 89' lang='lat' dir='ltr'><strong>opponeret</strong></span> <span class='ocrx_word' id='word_1_115' title='bbox 581 2257 619 2303; x_wconf 87' lang='lat' dir='ltr'><strong>se</strong></span> <span class='ocrx_word' id='word_1_116' title='bbox 640 2258 775 2302; x_wconf 91' lang='lat' dir='ltr'><strong>murum</strong></span> <span class='ocrx_word' id='word_1_117' title='bbox 795 2259 858 2323; x_wconf 92' lang='lat' dir='ltr'><strong>pro</strong></span> <span class='ocrx_word' id='word_1_118' title='bbox 881 2241 983 2310; x_wconf 87' lang='lat' dir='ltr'><strong>domo</strong></span> <span class='ocrx_word' id='word_1_119' title='bbox 1007 2239 1131 2316; x_wconf 88' lang='lat' dir='ltr'><strong>Israel,</strong></span> <span class='ocrx_word' id='word_1_120' title='bbox 1151 2247 1186 2303; x_wconf 91' lang='lat' dir='ltr'><strong>et</strong></span> <span class='ocrx_word' id='word_1_121' title='bbox 1203 2246 1316 2302; x_wconf 90' lang='lat' dir='ltr'><strong>certa-</strong></span> 
     </span>
    </p>
   </div>
   <div class='ocr_carea' id='block_1_9' title="bbox 360 2338 1319 4003">
    <p class='ocr_par' dir='ltr' id='par_1_9' title="bbox 360 2338 1319 4003">
     <span class='ocr_line' id='line_1_25' title="bbox 365 2338 1318 2420; baseline -0.001 -20"><span class='ocrx_word' id='word_1_122' title='bbox 365 2358 443 2401; x_wconf 92' lang='lat' dir='ltr'><strong>men</strong></span> <span class='ocrx_word' id='word_1_123' title='bbox 465 2340 568 2402; x_wconf 90' lang='lat' dir='ltr'><strong>iniret</strong></span> <span class='ocrx_word' id='word_1_124' title='bbox 588 2345 711 2402; x_wconf 88' lang='lat' dir='ltr'><strong>contra</strong></span> <span class='ocrx_word' id='word_1_125' title='bbox 733 2357 805 2416; x_wconf 90' lang='lat' dir='ltr'><strong>eos,</strong></span> <span class='ocrx_word' id='word_1_126' title='bbox 828 2340 888 2420; x_wconf 94' lang='lat' dir='ltr'><strong>qui</strong></span> <span class='ocrx_word' id='word_1_127' title='bbox 911 2358 980 2402; x_wconf 92' lang='lat' dir='ltr'><strong>non</strong></span> <span class='ocrx_word' id='word_1_128' title='bbox 999 2346 1137 2403; x_wconf 88' lang='lat' dir='ltr'><strong>cessant</strong></span> <span class='ocrx_word' id='word_1_129' title='bbox 1160 2338 1318 2420; x_wconf 91' lang='lat' dir='ltr'><strong>quotidie</strong></span> 
     </span>
     <span class='ocr_line' id='line_1_26' title="bbox 365 2436 1317 2519; baseline 0.001 -20"><span class='ocrx_word' id='word_1_130' title='bbox 365 2439 574 2518; x_wconf 86' lang='lat' dir='ltr'><strong>exprobrare</strong></span> <span class='ocrx_word' id='word_1_131' title='bbox 591 2437 722 2518; x_wconf 84' lang='lat' dir='ltr'><strong>agmini</strong></span> <span class='ocrx_word' id='word_1_132' title='bbox 738 2437 805 2501; x_wconf 90' lang='lat' dir='ltr'><strong>Dei</strong></span> <span class='ocrx_word' id='word_1_133' title='bbox 818 2457 828 2516; x_wconf 89' lang='lat'>;</span> <span class='ocrx_word' id='word_1_134' title='bbox 851 2437 911 2500; x_wconf 93' lang='lat' dir='ltr'><strong>sed</strong></span> <span class='ocrx_word' id='word_1_135' title='bbox 925 2457 995 2500; x_wconf 91' lang='lat' dir='ltr'><strong>non</strong></span> <span class='ocrx_word' id='word_1_136' title='bbox 1008 2438 1132 2519; x_wconf 91' lang='lat' dir='ltr'><strong>estqui</strong></span> <span class='ocrx_word' id='word_1_137' title='bbox 1147 2436 1317 2500; x_wconf 90' lang='lat' dir='ltr'><strong>ascendit.</strong></span> 
     </span>
     <span class='ocr_line' id='line_1_27' title="bbox 365 2534 1318 2618; baseline 0 -20"><span class='ocrx_word' id='word_1_138' title='bbox 365 2534 388 2598; x_wconf 85' lang='lat' dir='ltr'>J</span> <span class='ocrx_word' id='word_1_139' title='bbox 392 2536 508 2599; x_wconf 90' lang='lat' dir='ltr'><strong>udicet</strong></span> <span class='ocrx_word' id='word_1_140' title='bbox 530 2555 612 2618; x_wconf 89' lang='lat' dir='ltr'><strong>ergo</strong></span> <span class='ocrx_word' id='word_1_141' title='bbox 636 2536 734 2599; x_wconf 87' lang='lat' dir='ltr'><strong>Dens</strong></span> <span class='ocrx_word' id='word_1_142' title='bbox 756 2537 923 2600; x_wconf 83' lang='lat' dir='ltr'><strong>interme</strong></span> <span class='ocrx_word' id='word_1_143' title='bbox 947 2543 1075 2612; x_wconf 77' lang='grc'><strong>61666,</strong></span> <span class='ocrx_word' id='word_1_144' title='bbox 1100 2543 1135 2601; x_wconf 91' lang='lat' dir='ltr'><strong>et</strong></span> <span class='ocrx_word' id='word_1_145' title='bbox 1160 2535 1318 2616; x_wconf 88' lang='lat' dir='ltr'><strong>requirat</strong></span> 
     </span>
     <span class='ocr_line' id='line_1_28' title="bbox 365 2632 1318 2715; baseline 0 -20"><span class='ocrx_word' id='word_1_146' title='bbox 365 2632 519 2697; x_wconf 86' lang='lat' dir='ltr'><strong>ecclesiae</strong></span> <span class='ocrx_word' id='word_1_147' title='bbox 542 2633 776 2698; x_wconf 80' lang='lat' dir='ltr'><strong>confusionem</strong></span> <span class='ocrx_word' id='word_1_148' title='bbox 799 2635 842 2698; x_wconf 91' lang='lat' dir='ltr'><strong>de</strong></span> <span class='ocrx_word' id='word_1_149' title='bbox 865 2636 1024 2698; x_wconf 86' lang='lat' dir='ltr'><strong>manibus</strong></span> <span class='ocrx_word' id='word_1_150' title='bbox 1040 2634 1177 2710; x_wconf 88' lang='lat' dir='ltr'><strong>vestris,</strong></span> <span class='ocrx_word' id='word_1_151' title='bbox 1199 2653 1318 2715; x_wconf 86' lang='lat' dir='ltr'><strong>quam,</strong></span> 
     </span>
     <span class='ocr_line' id='line_1_29' title="bbox 365 2733 1318 2810; baseline 0.002 -16"><span class='ocrx_word' id='word_1_152' title='bbox 365 2733 450 2796; x_wconf 87' lang='lat' dir='ltr'><strong>velit</strong></span> <span class='ocrx_word' id='word_1_153' title='bbox 477 2733 562 2797; x_wconf 92' lang='lat' dir='ltr'><strong>nolit</strong></span> <span class='ocrx_word' id='word_1_154' title='bbox 594 2734 755 2810; x_wconf 91' lang='lat' dir='ltr'><strong>mundus,</strong></span> <span class='ocrx_word' id='word_1_155' title='bbox 782 2753 922 2797; x_wconf 88' lang='lat' dir='ltr'><strong>necesse</strong></span> <span class='ocrx_word' id='word_1_156' title='bbox 951 2741 1005 2797; x_wconf 89' lang='lat' dir='ltr'><strong>est</strong></span> <span class='ocrx_word' id='word_1_157' title='bbox 1029 2734 1066 2795; x_wconf 91' lang='lat' dir='ltr'><strong>in</strong></span> <span class='ocrx_word' id='word_1_158' title='bbox 1090 2735 1195 2797; x_wconf 89' lang='lat' dir='ltr'><strong>verbo</strong></span> <span class='ocrx_word' id='word_1_159' title='bbox 1221 2740 1318 2796; x_wconf 90' lang='lat' dir='ltr'><strong>stare</strong></span> 
     </span>
     <span class='ocr_line' id='line_1_30' title="bbox 365 2831 1317 2914; baseline -0.001 -20"><span class='ocrx_word' id='word_1_160' title='bbox 365 2831 445 2908; x_wconf 90' lang='lat' dir='ltr'><strong>Dei,</strong></span> <span class='ocrx_word' id='word_1_161' title='bbox 469 2831 595 2914; x_wconf 93' lang='lat' dir='ltr'><strong>inquo</strong></span> <span class='ocrx_word' id='word_1_162' title='bbox 620 2832 766 2896; x_wconf 87' lang='lat' dir='ltr'><strong>fundata</strong></span> <span class='ocrx_word' id='word_1_163' title='bbox 791 2838 857 2909; x_wconf 72' lang='lat' dir='ltr'><strong>est3</strong></span> <span class='ocrx_word' id='word_1_164' title='bbox 884 2832 993 2896; x_wconf 91' lang='lat' dir='ltr'><strong>donec</strong></span> <span class='ocrx_word' id='word_1_165' title='bbox 1014 2831 1111 2896; x_wconf 84' lang='lat' dir='ltr'><strong>venit</strong></span> <span class='ocrx_word' id='word_1_166' title='bbox 1132 2831 1218 2894; x_wconf 90' lang='lat' dir='ltr'><strong>hora</strong></span> <span class='ocrx_word' id='word_1_167' title='bbox 1238 2831 1317 2913; x_wconf 89' lang='lat' dir='ltr'><strong>ejus</strong></span> 
     </span>
     <span class='ocr_line' id='line_1_31' title="bbox 364 2929 1319 3002; baseline 0 -10"><span class='ocrx_word' id='word_1_168' title='bbox 364 2938 404 2994; x_wconf 90' lang='lat' dir='ltr'><strong>ut</strong></span> <span class='ocrx_word' id='word_1_169' title='bbox 418 2936 575 2995; x_wconf 90' lang='lat' dir='ltr'><strong>transeat</strong></span> <span class='ocrx_word' id='word_1_170' title='bbox 589 2950 634 2994; x_wconf 90' lang='lat' dir='ltr'><strong>ex</strong></span> <span class='ocrx_word' id='word_1_171' title='bbox 649 2931 713 2995; x_wconf 87' lang='lat' dir='ltr'><strong>hoc</strong></span> <span class='ocrx_word' id='word_1_172' title='bbox 729 2931 858 2993; x_wconf 90' lang='lat' dir='ltr'><strong>mundo</strong></span> <span class='ocrx_word' id='word_1_173' title='bbox 877 2931 919 2994; x_wconf 93' lang='lat' dir='ltr'><strong>ad</strong></span> <span class='ocrx_word' id='word_1_174' title='bbox 940 2930 1091 3002; x_wconf 85' lang='lat' dir='ltr'><strong>Patrem.</strong></span> <span class='ocrx_word' id='word_1_175' title='bbox 1131 2929 1319 2993; x_wconf 83' lang='lat' dir='ltr'><strong>Exciditne</strong></span> 
     </span>
     <span class='ocr_line' id='line_1_32' title="bbox 365 3030 1317 3112; baseline 0 -20"><span class='ocrx_word' id='word_1_176' title='bbox 365 3049 387 3092; x_wconf 93' lang='lat' dir='ltr'><strong>a</strong></span> <span class='ocrx_word' id='word_1_177' title='bbox 408 3031 573 3093; x_wconf 86' lang='lat' dir='ltr'><strong>memoria</strong></span> <span class='ocrx_word' id='word_1_178' title='bbox 589 3040 706 3094; x_wconf 86' lang='lat' dir='ltr'><strong>vestra</strong></span> <span class='ocrx_word' id='word_1_179' title='bbox 723 3031 807 3112; x_wconf 92' lang='lat' dir='ltr'><strong>quid</strong></span> <span class='ocrx_word' id='word_1_180' title='bbox 830 3037 992 3110; x_wconf 85' lang='lat' dir='ltr'><strong>ageretur</strong></span> <span class='ocrx_word' id='word_1_181' title='bbox 1019 3030 1153 3092; x_wconf 90' lang='lat' dir='ltr'><strong>mecum</strong></span> <span class='ocrx_word' id='word_1_182' title='bbox 1177 3036 1213 3092; x_wconf 90' lang='lat' dir='ltr'><strong>et</strong></span> <span class='ocrx_word' id='word_1_183' title='bbox 1237 3048 1317 3092; x_wconf 90' lang='lat' dir='ltr'><strong>cum</strong></span> 
     </span>
     <span class='ocr_line' id='line_1_33' title="bbox 364 3128 1317 3211; baseline -0.001 -20"><span class='ocrx_word' id='word_1_184' title='bbox 364 3129 510 3192; x_wconf 88' lang='lat' dir='ltr'><strong>ecclesia</strong></span> <span class='ocrx_word' id='word_1_185' title='bbox 540 3128 607 3192; x_wconf 89' lang='lat' dir='ltr'><strong>Dei</strong></span> <span class='ocrx_word' id='word_1_186' title='bbox 635 3128 727 3210; x_wconf 89' lang='lat' dir='ltr'><strong>apud</strong></span> <span class='ocrx_word' id='word_1_187' title='bbox 752 3129 1065 3211; x_wconf 89' lang='lat' dir='ltr'><strong>Norhamptonam,</strong></span> <span class='ocrx_word' id='word_1_188' title='bbox 1088 3147 1167 3191; x_wconf 90' lang='lat' dir='ltr'><strong>cum</strong></span> <span class='ocrx_word' id='word_1_189' title='bbox 1188 3128 1317 3190; x_wconf 90' lang='lat' dir='ltr'><strong>iterum</strong></span> 
     </span>
     <span class='ocr_line' id='line_1_34' title="bbox 360 3226 1316 3309; baseline 0.001 -20"><span class='ocrx_word' id='word_1_190' title='bbox 360 3227 576 3309; x_wconf 87' lang='lat' dir='ltr'><strong>judicaretur</strong></span> <span class='ocrx_word' id='word_1_191' title='bbox 609 3226 767 3291; x_wconf 86' lang='lat' dir='ltr'><strong>Christus</strong></span> <span class='ocrx_word' id='word_1_192' title='bbox 797 3228 832 3290; x_wconf 90' lang='lat' dir='ltr'><strong>in</strong></span> <span class='ocrx_word' id='word_1_193' title='bbox 863 3247 1011 3309; x_wconf 90' lang='lat' dir='ltr'><strong>persona</strong></span> <span class='ocrx_word' id='word_1_194' title='bbox 1040 3246 1117 3290; x_wconf 89' lang='lat' dir='ltr'><strong>mea</strong></span> <span class='ocrx_word' id='word_1_195' title='bbox 1144 3234 1225 3290; x_wconf 88' lang='lat' dir='ltr'><strong>ante</strong></span> <span class='ocrx_word' id='word_1_196' title='bbox 1253 3227 1316 3290; x_wconf 89' lang='lat' dir='ltr'><strong>tri-</strong></span> 
     </span>
     <span class='ocr_line' id='line_1_35' title="bbox 364 3324 1317 3409; baseline 0 -21"><span class='ocrx_word' id='word_1_197' title='bbox 364 3326 470 3388; x_wconf 89' lang='lat' dir='ltr'><strong>bunal</strong></span> <span class='ocrx_word' id='word_1_198' title='bbox 491 3326 660 3409; x_wconf 86' lang='lat' dir='ltr'><strong>praesidis,</strong></span> <span class='ocrx_word' id='word_1_199' title='bbox 689 3344 767 3390; x_wconf 91' lang='lat' dir='ltr'><strong>cum</strong></span> <span class='ocrx_word' id='word_1_200' title='bbox 791 3333 985 3391; x_wconf 88' lang='lat' dir='ltr'><strong>arctaretur</strong></span> <span class='ocrx_word' id='word_1_201' title='bbox 1009 3326 1136 3408; x_wconf 87' lang='lat' dir='ltr'><strong>praesul</strong></span> <span class='ocrx_word' id='word_1_202' title='bbox 1163 3324 1317 3389; x_wconf 74' lang='grc'><strong>066666-</strong></span> 
     </span>
     <span class='ocr_line' id='line_1_36' title="bbox 364 3419 1317 3508; baseline 0 -21"><span class='ocrx_word' id='word_1_203' title='bbox 364 3425 492 3488; x_wconf 90' lang='lat' dir='ltr'><strong>riensis-</strong></span> <span class='ocrx_word' id='word_1_204' title='bbox 517 3428 560 3489; x_wconf 94' lang='lat' dir='ltr'><strong>ob</strong></span> <span class='ocrx_word' id='word_1_205' title='bbox 590 3425 735 3508; x_wconf 91' lang='lat' dir='ltr'><strong>injurias</strong></span> <span class='ocrx_word' id='word_1_206' title='bbox 760 3425 825 3489; x_wconf 93' lang='lat' dir='ltr'><strong>sibi</strong></span> <span class='ocrx_word' id='word_1_207' title='bbox 850 3433 886 3489; x_wconf 89' lang='lat' dir='ltr'><strong>et</strong></span> <span class='ocrx_word' id='word_1_208' title='bbox 912 3419 1067 3489; x_wconf 84' lang='lat' dir='ltr'><strong>ecclesiae</strong></span> <span class='ocrx_word' id='word_1_209' title='bbox 1092 3425 1161 3490; x_wconf 89' lang='lat' dir='ltr'><strong>Dei</strong></span> <span class='ocrx_word' id='word_1_210' title='bbox 1185 3426 1317 3507; x_wconf 87' lang='lat' dir='ltr'><strong>passim</strong></span> 
     </span>
     <span class='ocr_line' id='line_1_37' title="bbox 363 3524 1319 3606; baseline 0 -20"><span class='ocrx_word' id='word_1_211' title='bbox 363 3524 480 3587; x_wconf 87' lang='lat' dir='ltr'><strong>illatas</strong></span> <span class='ocrx_word' id='word_1_212' title='bbox 513 3532 548 3589; x_wconf 89' lang='lat' dir='ltr'><strong>et</strong></span> <span class='ocrx_word' id='word_1_213' title='bbox 573 3532 756 3606; x_wconf 87' lang='lat' dir='ltr'><strong>cogeretur</strong></span> <span class='ocrx_word' id='word_1_214' title='bbox 783 3525 979 3589; x_wconf 88' lang='lat' dir='ltr'><strong>Romanam</strong></span> <span class='ocrx_word' id='word_1_215' title='bbox 1012 3524 1225 3588; x_wconf 86' lang='lat' dir='ltr'><strong>audientiam</strong></span> <span class='ocrx_word' id='word_1_216' title='bbox 1256 3542 1319 3605; x_wconf 90' lang='lat' dir='ltr'><strong>ap-</strong></span> 
     </span>
     <span class='ocr_line' id='line_1_38' title="bbox 363 3621 1317 3706; baseline -0.002 -20"><span class='ocrx_word' id='word_1_217' title='bbox 363 3623 517 3704; x_wconf 77' lang='lat' dir='ltr'><strong>pellaret</strong></span> <span class='ocrx_word' id='word_1_218' title='bbox 570 3621 658 3701; x_wconf 85' lang='lat' dir='ltr'><strong>Quis</strong></span> <span class='ocrx_word' id='word_1_219' title='bbox 687 3643 840 3706; x_wconf 86' lang='lat' dir='ltr'><strong>unquam</strong></span> <span class='ocrx_word' id='word_1_220' title='bbox 864 3624 952 3688; x_wconf 88' lang='lat' dir='ltr'><strong>vidit</strong></span> <span class='ocrx_word' id='word_1_221' title='bbox 976 3624 1033 3688; x_wconf 90' lang='lat' dir='ltr'><strong>vel</strong></span> <span class='ocrx_word' id='word_1_222' title='bbox 1064 3622 1199 3687; x_wconf 88' lang='lat' dir='ltr'><strong>audivit</strong></span> <span class='ocrx_word' id='word_1_223' title='bbox 1224 3622 1317 3687; x_wconf 83' lang='lat' dir='ltr'><strong>Can-</strong></span> 
     </span>
     <span class='ocr_line' id='line_1_39' title="bbox 363 3722 1319 3806; baseline 0.001 -21"><span class='ocrx_word' id='word_1_224' title='bbox 363 3723 571 3786; x_wconf 88' lang='lat' dir='ltr'><strong>tuariensem</strong></span> <span class='ocrx_word' id='word_1_225' title='bbox 599 3723 893 3806; x_wconf 88' lang='lat' dir='ltr'><strong>archiepiscopum</strong></span> <span class='ocrx_word' id='word_1_226' title='bbox 913 3722 1076 3806; x_wconf 90' lang='lat' dir='ltr'><strong>judicari,</strong></span> <span class='ocrx_word' id='word_1_227' title='bbox 1095 3722 1319 3786; x_wconf 86' lang='lat' dir='ltr'><strong>condemnari</strong></span> 
     </span>
     <span class='ocr_line' id='line_1_40' title="bbox 363 3821 1318 3905; baseline 0 -21"><span class='ocrx_word' id='word_1_228' title='bbox 363 3821 407 3884; x_wconf 92' lang='lat' dir='ltr'><strong>ad</strong></span> <span class='ocrx_word' id='word_1_229' title='bbox 436 3821 690 3905; x_wconf 88' lang='lat' dir='ltr'><strong>fidejussionem</strong></span> <span class='ocrx_word' id='word_1_230' title='bbox 714 3822 872 3901; x_wconf 83' lang='lat' dir='ltr'><strong>incuria</strong></span> <span class='ocrx_word' id='word_1_231' title='bbox 892 3823 995 3904; x_wconf 83' lang='lat' dir='ltr'><strong>regis,</strong></span> <span class='ocrx_word' id='word_1_232' title='bbox 1020 3829 1056 3885; x_wconf 88' lang='lat' dir='ltr'><strong>et</strong></span> <span class='ocrx_word' id='word_1_233' title='bbox 1082 3821 1200 3884; x_wconf 89' lang='lat' dir='ltr'><strong>asnis</strong></span> <span class='ocrx_word' id='word_1_234' title='bbox 1227 3840 1318 3903; x_wconf 84' lang='lat' dir='ltr'><strong>prae-</strong></span> 
     </span>
     <span class='ocr_line' id='line_1_41' title="bbox 363 3920 1318 4003; baseline 0 -20"><span class='ocrx_word' id='word_1_235' title='bbox 363 3921 464 4003; x_wconf 87' lang='lat' dir='ltr'><strong>cipue</strong></span> <span class='ocrx_word' id='word_1_236' title='bbox 478 3921 732 4003; x_wconf 67' lang='lat' dir='ltr'><strong>suffraganeis?</strong></span> <span class='ocrx_word' id='word_1_237' title='bbox 766 3921 803 3985; x_wconf 88' lang='lat' dir='ltr'><strong>Si</strong></span> <span class='ocrx_word' id='word_1_238' title='bbox 821 3921 920 3985; x_wconf 90' lang='lat' dir='ltr'><strong>nobis</strong></span> <span class='ocrx_word' id='word_1_239' title='bbox 937 3921 1188 3998; x_wconf 87' lang='lat' dir='ltr'><strong>recedentibus,</strong></span> <span class='ocrx_word' id='word_1_240' title='bbox 1206 3928 1248 3984; x_wconf 89' lang='lat' dir='ltr'><strong>ut</strong></span> <span class='ocrx_word' id='word_1_241' title='bbox 1266 3920 1318 3983; x_wconf 92' lang='lat' dir='ltr'><strong>di-</strong></span> 
     </span>
    </p>
   </div>
   <div class='ocr_carea' id='block_1_10' title="bbox 375 4143 1265 4209">
    <p class='ocr_par' dir='ltr' id='par_1_10' title="bbox 375 4143 1265 4209">
     <span class='ocr_line' id='line_1_42' title="bbox 375 4143 1265 4209; baseline 0 -16"><span class='ocrx_word' id='word_1_242' title='bbox 375 4163 377 4166; x_wconf 48' lang='lat'>*</span> <span class='ocrx_word' id='word_1_243' title='bbox 414 4144 554 4209; x_wconf 71' lang='grc' dir='ltr'><strong>ι1166666]</strong></span> <span class='ocrx_word' id='word_1_244' title='bbox 571 4146 695 4208; x_wconf 80' lang='lat' dir='ltr'><strong>Compare</strong></span> <span class='ocrx_word' id='word_1_245' title='bbox 707 4145 808 4207; x_wconf 87' lang='lat' dir='ltr'><strong>Diceto,</strong></span> <span class='ocrx_word' id='word_1_246' title='bbox 819 4146 868 4195; x_wconf 89' lang='lat' dir='ltr'><strong>col.</strong></span> <span class='ocrx_word' id='word_1_247' title='bbox 881 4148 940 4206; x_wconf 83' lang='grc'><strong>544,</strong></span> <span class='ocrx_word' id='word_1_248' title='bbox 950 4144 1012 4192; x_wconf 84' lang='lat' dir='ltr'><strong>with</strong></span> <span class='ocrx_word' id='word_1_249' title='bbox 1024 4144 1070 4193; x_wconf 91' lang='lat' dir='ltr'><strong>lib.</strong></span> <span class='ocrx_word' id='word_1_250' title='bbox 1083 4143 1101 4193; x_wconf 90' lang='lat' dir='ltr'><strong>i.</strong></span> <span class='ocrx_word' id='word_1_251' title='bbox 1113 4157 1155 4204; x_wconf 87' lang='lat' dir='ltr'><strong>ep.</strong></span> <span class='ocrx_word' id='word_1_252' title='bbox 1168 4144 1265 4193; x_wconf 84' lang='lat' dir='ltr'><strong>cxxvii.</strong></span> 
     </span>
    </p>
   </div>
   <div class='ocr_carea' id='block_1_11' title="bbox 0 0 1415 4882">
    <p class='ocr_par' dir='ltr' id='par_1_11' title="bbox 0 0 1415 4882">
     <span class='ocr_line' id='line_1_43' title="bbox 0 0 1415 4882; baseline 0 0"><span class='ocrx_word' id='word_1_253' title='bbox 0 0 1415 4882; x_wconf 95' lang='lat' dir='ltr'><strong> </strong></span> 
     </span>
    </p>
   </div>
  </div>
 </body>
</html>
