2820 4882
357 409 497 458 ruonns
521 409 789 458 nrsrorunnun.
998 392 1042 456 29

89 585 167 632 sese
191 566 438 648 purificaturus
465 567 509 631 ad
537 568 717 631 ecclesiam
743 568 879 645 exierit,
905 575 1042 632 centum
1056 578 1177 620 ilo-¹⁰⁸⁷·

89 667 201 730 millia
222 667 383 730 candelas
405 687 482 731 cum
504 687 545 730 eo
562 669 698 732 veniam
718 669 923 732 oblaturus!
974 669 1043 732 His

86 767 198 849 igitur
227 774 263 830 et
289 766 343 829 his
368 767 537 831 similibus
563 788 625 831 rex
647 769 873 846 conviciatus,
899 768 1042 832 adveni·

88 873 170 930 ente
197 885 314 929 mense
336 865 511 947 Augusto,
540 868 679 949 quando
707 876 842 949 segetes
870 869 906 930 in
937 869 1043 948 agris,

88 967 181 1031 botri
206 967 243 1028 in
260 967 381 1042 vineis,
400 972 435 1029 et
460 987 563 1048 poma
585 968 620 1029 in
639 968 810 1031 viridariis
832 968 967 1048 copiam
988 969 1043 1032 sui

88 1065 290 1141 ostendunt,
304 1072 425 1130 coacto
443 1067 598 1130 exercitu
616 1067 768 1149 copioso,
787 1067 970 1130 Franciam
993 1067 1043 1129 in-

88 1165 200 1228 festus
224 1166 428 1247 aggrediens
458 1167 575 1230 omnia
602 1168 762 1243 conterit,
791 1167 906 1230 omnia
933 1186 1044 1248 popu·

87 1265 210 1343 latur,
244 1264 331 1327 nihil
357 1272 431 1328 erat
458 1266 552 1347 quod
583 1267 735 1329 animum
763 1266 926 1330 commoti
952 1268 1044 1348 regis

89 1366 259 1447 placaret,
299 1371 339 1427 ut
377 1364 539 1447 injuriam
575 1366 822 1430 contumeliose
864 1374 1043 1448 acceptam

88 1465 278 1529 multorum
299 1464 478 1546 dispendio
494 1465 681 1546 mitigaret.
735 1465 916 1529 Postremo
933 1458 1043 1530 ¹Moe·

88 1573 211 1630 autum
243 1564 420 1628 civitatem
452 1565 589 1648 injectis
620 1565 759 1647 ignibus
798 1567 1044 1644 concremavit,

88 1683 258 1729 succensa
272 1664 344 1727 illic
360 1671 491 1728 sanctae
509 1666 632 1728 Mariae
650 1666 795 1729 ecclesia
814 1685 893 1728 cum
909 1666 1043 1731 duabus

88 1765 246 1840 reclusiS,
257 1784 334 1846 quae
350 1784 413 1827 uec
430 1765 466 1827 in
481 1765 544 1827 tali
561 1766 766 1829 necessitate
780 1773 948 1849 putarunt
963 1785 1044 1828 suas

88 1866 161 1929 fore
188 1864 353 1928 aediculas
378 1864 604 1943 deserendas;
627 1886 697 1947 quo
721 1873 801 1928 actu
829 1865 1044 1928 exhilaratus

88 1986 165 2042 reri,
191 1965 272 2028 dum
303 1984 385 2028 suos
409 1965 531 2027 incitat
560 1972 600 2028 ut
629 1966 767 2046 ignibus
791 1965 958 2048 adjiciant
982 1984 1044 2045 pa·

88 2066 184 2142 bula,
207 2085 316 2147 prope
341 2065 497 2128 flammas
525 2065 690 2129 accedens
713 2065 846 2147 ignium
871 2063 985 2126 calore
1009 2071 1045 2128 et

90 2165 303 2230 autumnalis
321 2171 429 2228 aestus
452 2164 690 2246 inaequalitate
713 2165 870 2228 morbum
887 2164 1044 2228 incurrit.

92 2265 206 2333 Auxit
221 2273 390 2347 praeterea
407 2265 621 2346 aegritudinis
633 2265 708 2348 ejus
725 2264 934 2339 molestiam,
953 2265 1045 2344 quod

91 2373 304 2449 praeruptam
330 2365 458 2428 fossam
479 2385 588 2447 equus
611 2367 702 2447 regis
718 2365 916 2428 transiliens
936 2365 1043 2427 inter·

92 2486 180 2531 anea
197 2465 327 2548 dirupit
343 2465 544 2543 insidentis3
564 2485 631 2546 quo
650 2465 809 2527 nimirum
825 2464 942 2527 dolore
959 2465 1047 2527 acri·

93 2577 144 2630 ter
170 2565 319 2629 afflictus
345 2557 604 2645 Rotbomagum
627 2565 804 2628 remeavit.
859 2562 946 2627 Cum
972 2565 1047 2628 lau-

93 2686 181 2748 guor
197 2685 261 2747 per
277 2665 350 2728 dies
365 2665 633 2745 ingravesceret,
650 2665 824 2745 excipitur
837 2664 940 2740 lecto,
957 2684 1047 2727 mor·

92 2768 125 2830 bi
154 2765 363 2829 necessitate
387 2765 611 2845 compulsus3
641 2764 790 2827 consulti
817 2764 952 2839 medici,
975 2764 1046 2826 uri·

93 2887 145 2930 nee
160 2865 386 2946 inspectione,
397 2871 542 2928 mortem
557 2864 782 2927 certissimam
796 2864 1045 2944 praedixerunt.

96 2965 290 3046 Resumpto
313 2971 428 3027 tamen
451 2965 627 3045 paulisper
649 2964 784 3045 spiritu,
805 2983 883 3045 quae
901 2963 1047 3027 Christi·

96 3067 152 3129 ani
175 3071 258 3128 sunt
278 3064 315 3126 in
336 3063 549 3128 confessione
569 3071 605 3127 et
619 3064 747 3127 viatico
767 3071 952 3127 exsecutus
971 3071 1046 3142 est3

97 3164 349 3230 Normauniam
361 3164 431 3226 filio
445 3183 508 3227 suo
519 3163 686 3239 Roberto,
696 3163 861 3245 Angliam
871 3164 1048 3228 Willelmo

95 3263 202 3341 Rufo,
219 3263 455 3346 possessiones
469 3270 642 3326 maternas
661 3283 738 3327 cum
756 3263 927 3327 thesauris
945 3262 1047 3325 Hen-

95 3366 167 3429 rico
190 3364 347 3446 legavit3
372 3364 507 3426 vinctos
531 3382 613 3426 suos
632 3383 748 3427 omnes
771 3364 909 3427 liberari
929 3382 951 3426 a
971 3382 1048 3425 car·

96 3466 232 3528 ceribus
248 3471 283 3527 et
301 3461 402 3539 solvi,
418 3462 600 3526 tbesauros
619 3462 730 3527 efferri
756 3469 791 3525 et
808 3462 961 3525 ecclesiis
979 3462 1053 3525 dis-.

97 3565 229 3647 pertin,
246 3564 430 3645 praecepit;
458 3582 635 3626 numerum
653 3562 809 3643 pecuniae
824 3560 1047 3624 sufficientem

96 3665 140 3728 ad
168 3662 420 3744 reparationem
447 3662 600 3725 basilicae
627 3669 756 3725 sanctae
784 3662 907 3724 Mariae
939 3681 1049 3742 nuper

94 3945 195 3985 auswer
205 3929 234 3977 of
242 3929 355 3977 William
366 3932 392 3976 to
407 3928 450 3976 the
461 3928 559 3977 French
585 3934 611 3978 at
622 3930 687 3978 their
703 3928 856 3990 chorching;
874 3943 916 3977 see
930 3928 1046 3989 Durand,

94 4001 167 4062 king,
184 3999 239 4048 that
256 3998 320 4048 aiter
335 3998 375 4046 his
395 3997 505 4060 lying-in
527 3999 559 4047 he
583 4001 627 4048 vii.
639 4015 662 4048 c.
674 4003 699 4049 ⁷.

94 4071 181 4120 would
198 4069 260 4118 offer
270 4084 288 4117 a
298 4068 423 4117 thousand
439 4068 517 4130 lights
533 4070 560 4117 in

94 4138 358 4200 Franee,inallusion
372 4138 559 4188 tothecustom
620 4133 817 4198 ¹Moeontum.]
848 4136 959 4196 Montes,
979 4147 1048 4194 upon

94 4212 122 4259 oi
129 4225 230 4263 women
240 4209 346 4270 offering
362 4208 459 4273 lighted
476 4212 560 4269 tapers
584 4203 626 4254 the
638 4206 722 4257 Scine.
