2820 4882
424 415 562 464 cnonas
586 415 855 465 msroamaun.
1064 401 1109 464 65

159 573 372 637 calamitates
394 581 466 637 tam
490 572 638 637 fideliter
659 594 764 657 quam
786 576 973 657 prudenter
1000 597 1105 659 expo·
1119 591 1172 631 A-D·
1187 594 1242 632 ¹⁰⁹⁵·

158 674 244 739 suit:
269 694 373 757 quem
395 691 489 757 papa
508 680 717 737 memoratus
738 675 1106 760 benignesuscipiens,

156 792 190 837 se
211 774 350 838 fidelem
377 781 636 857 cooperatorem
662 773 814 839 futurum
841 795 994 858 congruo
1018 784 1105 843 tem-

156 893 236 955 pore
259 872 468 957 repromisit.
505 872 711 952 Arpocras,
732 894 868 940 omnem
891 877 1105 958 perlustrans

157 972 310 1052 Italiam,
322 973 431 1058 Alpes
442 974 580 1040 tandem
593 974 816 1053 transcendit,
828 982 864 1039 et
875 995 994 1040 omnes
1010 978 1104 1060 prin·

156 1074 246 1157 cipes
272 1075 505 1141 occidentales
533 1094 611 1138 cum
639 1076 792 1139 maxima
817 1075 1029 1141 sollicitabat
1051 1078 1104 1141 in·

156 1175 298 1253 stantia,
327 1196 370 1239 ne
393 1176 472 1240 loca
497 1183 630 1251 sancta,
658 1194 737 1257 quae
765 1176 938 1240 Dominus
965 1179 1106 1260 propria

157 1275 321 1357 dignatus
339 1283 394 1340 est
414 1275 588 1339 illustrare
607 1275 804 1358 praesentia,
819 1267 1009 1340 infidelium
1027 1298 1107 1361 per-

157 1376 334 1440 mitterent
367 1375 542 1457 spurcitiis
569 1375 701 1439 diutius
727 1376 929 1459 profanari3
964 1397 1028 1441 nec
1054 1380 1105 1443 vi-

157 1495 230 1539 sum
258 1483 313 1539 est
332 1475 398 1539 sibi
421 1475 486 1540 hoc
509 1473 675 1552 sufficere,
696 1475 762 1539 nisi
787 1476 892 1541 etiam
917 1477 1047 1560 plebes,
1070 1487 1105 1543 et

157 1575 327 1640 inferioris
343 1595 466 1639 manus
487 1575 653 1653 homines,
671 1575 715 1639 ad
729 1576 842 1658 ipsum
856 1577 923 1659 piis
942 1577 1105 1643 exhorta·

157 1677 308 1740 tionibus
325 1677 504 1741 animaret.
538 1675 595 1739 Sic
611 1674 759 1759 denique
774 1676 955 1742 Heremita
967 1678 1105 1756 Petrus,

157 1795 233 1841 cum
259 1777 393 1858 ingenti
417 1784 628 1841 armatorum
649 1776 881 1855 multitudine,
904 1797 1006 1861 quam
1033 1787 1107 1842 tum

99 1890 103 1902 ’
158 1877 196 1940 de
219 1896 329 1958 regno
347 1877 572 1954 Francorum,
589 1883 662 1940 tum
685 1896 729 1940 ex
754 1876 899 1960 imperio
923 1878 1033 1942 multo
1054 1878 1107 1941 las

159 1971 251 2040 bore‘
264 1985 501 2055 contraxerat,
524 1976 700 2059 praedictae
727 1996 765 2040 se
784 1976 937 2060 jungens
963 1978 1108 2054 militiae,

160 2096 243 2160 opus
260 2077 374 2141 crucis
389 2077 639 2142 instantissime
655 2075 789 2141 studuit
805 2096 1020 2161 promovere.

236 2228 288 2293 Dc
305 2227 476 2306 mutacio,
491 2226 546 2313 qai
553 2227 680 2313 primus
694 2227 755 2292 iter
762 2224 1027 2312 peregrinationis

554 2326 707 2414 arripuit.

215 2453 323 2519 Anno
346 2453 488 2519 Domini
517 2471 797 2532 nxcv1.,mense
821 2454 962 2533 Martio,
985 2463 1110 2520 octavo
1122 2476 1177 2515 an.
1188 2477 1237 2515 roa

160 2557 212 2621 die
222 2547 600 2632 mensis,¹Gualterius,
612 2562 841 2638 cognomento
850 2555 1048 2630 Sensavior,
1057 2557 1110 2621 vir
1121 2527 1226 2618 {iffi

161 2655 283 2721 nobilis
308 2662 343 2719 et
363 2662 537 2738 strenuus
554 2675 631 2719 cum
653 2655 788 2737 ingenti
811 2656 1031 2719 multitudine
1050 2677 1109 2739 pe·

158 2757 324 2822 destrium
340 2746 562 2833 armatorum,
580 2764 620 2820 ut
634 2755 693 2838 qui
704 2775 834 2839 paucos
848 2756 998 2820 habebat
1014 2756 1110 2837 equi-

162 2865 223 2935 tas,
241 2857 375 2940 primus
395 2855 545 2920 omnium
567 2857 903 2939 crucesignatorum
925 2857 991 2921 iter
1012 2876 1111 2938 pere-

162 2957 368 3040 grinationis
394 2955 574 3038 arripiens,
600 2975 708 3038 regna
741 2957 974 3039 pertransiens
996 2955 1111 3021 Theu-

162 3059 353 3122 tonicorum
369 3063 405 3120 et
423 3055 684 3138 Hungarorum,
698 3076 807 3138 usque
819 3057 862 3119 ad
874 3056 1015 3119 fluvium
1032 3057 1111 3120 Ma·

162 3179 218 3223 roc
239 3157 425 3240 pervenit3
451 3176 519 3239 quo
542 3157 690 3221 transito
711 3165 747 3221 et
771 3157 1002 3239 Bulgarorum
1025 3155 1111 3219 fines

161 3257 359 3341 ingrediens
382 3257 426 3321 ad
449 3257 562 3320 locum
578 3258 685 3334 venit,
701 3257 761 3340 qui
781 3257 1002 3339 Bellegravia
1024 3276 1113 3318 nun-

163 3365 323 3443 cupatur,
339 3357 399 3420 ubi
413 3357 552 3439 quidam
567 3358 610 3421 de
630 3358 796 3421 comitatu
813 3357 889 3440 ejus
904 3356 997 3439 apud
1013 3349 1111 3419 ²Ma·

163 3459 230 3524 lam
257 3457 390 3534 villam,
414 3457 491 3539 ipso
521 3458 716 3539 ignorante,
750 3465 790 3521 ut
823 3458 918 3520 cibos
946 3464 1111 3534 emerent,

163 3565 393 3633 remanentes
424 3576 446 3620 a
469 3557 632 3640 Bulgaris
656 3556 904 3639 comprehensi,
927 3557 1049 3620 nudati
1078 3563 1115 3620 et

165 3659 363 3724 verberibus
378 3655 508 3733 afflicti,
523 3656 649 3721 ablatis
662 3657 833 3734 omnibus,
848 3657 891 3720 ad
906 3657 1018 3720 socios
1032 3664 1115 3720 sunt

165 3759 312 3824 remissi.
368 3755 571 3821 Gualterius
597 3758 705 3840 igitur
726 3777 747 3820 a
770 3757 857 3820 duce
882 3756 1113 3836 Bulgarorum

198 3943 205 3973 ¹
218 3939 628 4007 Gauiterias...Seaaucior;]call-
652 3937 743 4001 me‘nt3’
758 3944 829 4005 Holy
840 3944 1023 4007 Warre,1651,
1034 3961 1061 4007 p.
1074 3949 1115 3994 51.

167 4017 263 4066 adalso
281 4010 500 4077 ‘Sansavoir,’or
514 4015 628 4063 ‘Walter
688 4011 809 4063 'Maium
831 4014 945 4078 niliaca]
970 4030 999 4063 or
1021 4017 1116 4064 Semlin

166 4087 205 4138 the
224 4085 361 4136 Penniless
369 4080 383 4146 ς’
392 4084 629 4146 accordingthul-
653 4100 722 4146 upon
732 4085 776 4132 the
783 4085 911 4146 Danube;
927 4100 970 4134 see
982 4086 1116 4148 Michaud,

167 4157 208 4215 ler,
217 4173 267 4207 one
278 4155 353 4204 ‘who
361 4154 485 4205 hadmore
492 4156 521 4204 of
529 4155 572 4204 the
581 4155 629 4203 sail
656 4155 725 4204 Hist.
743 4156 788 4203 des
801 4154 947 4218 Oroisades,
963 4161 1036 4218 1825,
1052 4157 1071 4205 i.
1089 4171 1115 4216 p.

168 4225 631 4287 oivalourthanthebalastoijudge·
658 4228 713 4275 141.
804 4260 807 4266 ‚

211 4319 298 4391 *vom
314 4318 353 4364 ιι.
948 4319 967 4363 a
