2820 4882
348 378 414 442 380
596 390 731 438 coenni
753 389 802 437 nn
827 387 1035 437 wnuoovns

187 561 242 651 ἕω).
254 560 319 649 ¹¹⁷⁴(
349 548 415 611 bus
434 541 697 630 ¹subjugarunt3
716 564 779 608 rex
797 542 984 621 HenricuS,
998 543 1124 608 'turmis
1142 544 1299 609 militari-

187 622 295 750 ῑέἶῖῑῗῖῗὲ
350 649 414 717 bus
443 646 596 727 undique
625 643 670 707 ad
694 664 772 708 eum
804 644 1068 721 confluentibus,
1096 664 1176 708 cnm
1205 643 1300 727 apud

207 721 270 761 ψῃ
286 737 292 750 ’
350 753 508 811 sanctum
523 744 764 808 Eadmundum
780 742 957 826 copiosum
974 750 1223 826 congregasset
1237 763 1301 807 ex-

351 846 508 919 ercitum,
535 844 604 908 duo
631 842 781 931 castella⁸
802 841 966 925 Hugonis
994 842 1119 933 Bigod,
1140 843 1301 924 Bungeie

351 951 388 1008 et
402 933 680 1024 Framingeham',
692 941 848 1006 obsidere
862 941 1035 1023 decrevit3
1054 941 1168 1006 comes
1185 949 1302 1006 autem

351 1052 422 1108 non
441 1044 572 1107 hahens
591 1042 752 1106 fiduciam
774 1042 968 1120 resistendi,
987 1041 1078 1106 datis
1098 1041 1191 1105 mille
1209 1060 1302 1105 mar-

352 1145 402 1207 cis
426 1163 504 1208 cum
526 1142 715 1219 obsidibus,
740 1160 862 1223 pacem
884 1141 976 1223 regis
1003 1142 1153 1206 obtinuit
1174 1148 1302 1205 octavo

352 1242 521 1307 kalendas
541 1239 706 1323 Augusti.
751 1240 852 1304 Tunc
873 1240 1060 1305 multitudo
1081 1240 1305 1304 Flandrensi-

343 1362 423 1419 um,
447 1361 550 1425 quam
575 1340 757 1423 Philippus
777 1359 892 1404 comes
913 1341 950 1403 in
966 1339 1133 1422 Angliam
1150 1339 1305 1416 miserat,

352 1448 392 1509 ut
405 1442 621 1524 praemissum
636 1446 700 1517 est,
713 1439 871 1525 praestito
883 1439 1094 1523 juramento,
1107 1440 1200 1522 quod
1217 1440 1305 1503 fines

352 1537 492 1622 Angliae
512 1540 660 1622 amplius
683 1538 855 1604 hostiliter
872 1558 942 1602 non
963 1539 1145 1617 intrarent,
1163 1558 1242 1603 cum
1259 1538 1303 1602 li-

352 1640 468 1703 centia
492 1640 584 1721 regis
608 1639 652 1702 ad
678 1639 817 1721 propria
841 1637 1029 1719 remeavit3
1052 1638 1178 1702 militia
1196 1639 1304 1702 etiam

354 1739 445 1819 regis
458 1738 611 1823 juvenis,
625 1738 681 1802 cni
694 1744 845 1819 praeerat
862 1737 1069 1820 Radulphus
1085 1737 1127 1802 dc
1144 1738 1180 1803 la
1197 1737 1306 1815 Haie,

353 1840 484 1921 absque
501 1839 746 1921 impedimento
763 1838 806 1901 ab
823 1835 955 1919 Anglia
970 1838 1123 1901 recessit.
1169 1837 1306 1902 Rober-

353 1944 423 2023 tus,
445 1957 560 2002 comes
577 1937 619 2001 de
638 1937 808 2000 Ferrariis
825 1943 860 2000 et
878 1936 1040 2019 Rogerus
1055 1937 1098 2001 de
1116 1936 1305 2014 Molbraio,

354 2057 500 2120 quorum
518 2037 662 2101 castella
672 2044 757 2100 tunc
771 2035 1017 2100 obsidebantur
1033 2055 1056 2099 a
1072 2056 1166 2118 rege,
1176 2029 1307 2100 ²Trese

353 2146 390 2201 et
405 2137 583 2214 Stutebiri,
601 2136 715 2199 missis
733 2135 777 2199 ad
799 2154 915 2216 regem
934 2136 1073 2217 legatis,
1088 2154 1211 2218 pacem
1227 2135 1306 2219 ejus

350 2237 597 2319 impetrarunt3
615 2234 825 2312 Willelmus,
837 2254 951 2299 comes
963 2234 1174 2313 Gloverniae,
1188 2242 1224 2299 et
1240 2234 1306 2298 Ri-

353 2336 513 2413 chardus,
537 2354 652 2399 comes
676 2334 719 2398 de
744 2333 858 2411 Clare,
881 2335 957 2416 regi
979 2341 1214 2411 occurrerunt,
1240 2352 1306 2398 suo

354 2437 518 2501 mandato
534 2435 570 2498 in
581 2434 739 2499 omnibus
756 2435 914 2516 parituri.
940 2434 996 2498 Sic
1012 2454 1074 2498 rex
1086 2433 1305 2515 magnificus,

354 2555 416 2618 per
433 2535 713 2599 intercessionem
730 2534 894 2616 martyris
910 2533 1054 2616 gloriosi
1070 2533 1229 2597 hostibus
1245 2552 1306 2596 su*

354 2635 483 2716 peratis
504 2641 539 2698 et
558 2635 660 2698 rebus
675 2630 815 2715 Angliae
835 2632 1039 2715 pacificatis,
1060 2633 1208 2716 septimo
1227 2633 1306 2696 idus

353 2733 507 2815 Augusti
523 2734 560 2797 in
577 2732 829 2796 Normanniam
846 2731 1097 2810 transfretavit,
1108 2733 1238 2797 ducens
1253 2753 1305 2796 se·

355 2853 433 2897 cum
451 2827 585 2914 3regem
604 2833 797 2908 Scotorum,
818 2833 978 2896 comitem
1001 2832 1308 2913 Legccestrensem

356 2941 391 2997 et
413 2931 599 3016 Hugonem
618 2932 661 2997 de
676 2931 843 3009 Castello,
858 2951 945 3014 quos
963 2932 1000 2996 in
1016 2931 1163 2998 vinculis
1179 2933 1308 2997 retine»

355 3034 427 3099 hat.

352 3179 356 3185 ’
440 3203 528 3285 Quod
543 3225 597 3268 rac
611 3204 810 3268 Francorum
824 3201 864 3268 ab
879 3201 1030 3268 obsidione
1043 3201 1230 3289 Rolhomaga'

764 3303 892 3368 recussit.

193 3438 344 3538 {ffigffp
409 3430 515 3499 Cum⁴
533 3444 649 3500 antem
668 3454 730 3499 rex
748 3434 921 3498 Henricus
938 3433 1042 3498 tertio
1059 3433 1136 3498 idus
1154 3433 1310 3516 Augusti

195 3539 277 3580 Ruen-
355 3536 593 3618 applicuisset,
623 3535 756 3599 invenit
787 3534 1104 3616 Rothomagensem
1130 3533 1310 3598 civitatem

382 3754 584 3817 'Suhjuguraat.]
599 3752 724 3814 Compare
733 3751 818 3800 Hove-
879 3747 996 3811 ⁸Regem
1012 3749 1172 3812 Scotorum]
1196 3749 1240 3798 He
1258 3748 1313 3798 first

358 3828 416 3888 den,
427 3826 486 3875 who
503 3839 563 3884 says
573 3823 628 3872 that
642 3824 735 3884 Roget,
746 3820 818 3870 arch-
843 3819 998 3880 imprisoned
1017 3819 1085 3868 them
1113 3823 1140 3868 at
1163 3818 1243 3880 Oeen,
1264 3820 1312 3868 but

357 3885 448 3958 bishop
460 3894 489 3943 of
496 3893 578 3954 York,
588 3908 643 3942 was
656 3891 745 3954 joined
756 3890 819 3939 with
845 3888 995 3938 afterwards
1007 3892 1063 3937 sent
1069 3888 1137 3938 them
1146 3892 1171 3937 to
1179 3888 1223 3937 the
1231 3889 1312 3938 castle

358 3967 400 4014 the
411 3964 502 4026 bichop
513 3963 542 4012 oi
550 3962 655 4012 Lincoln
666 3963 691 4010 in
702 3961 745 4010 the
753 3975 818 4009 com·
844 3959 873 4007 of
881 3959 982 4008 Fuluiae
992 3973 999 4019 ς
1019 3958 1153 4021 Hoveden,
1164 3972 1190 4019 p.
1201 3961 1260 4009 540.

359 4036 434 4084 mand
477 4037 551 4082 .537.

394 4049 508 4166 ²T’repse.]
521 4102 633 4165 ‘'l'resc,'
641 4101 751 4161 Dicet03
763 4113 820 4161 pro·
881 4096 891 4126 ⁴
904 4093 989 4166 Caua]
1002 4100 1105 4164 Diceto,
1115 4101 1164 4151 col.
1177 4104 1243 4161 ⁵⁷⁸3
1256 4099 1314 4149 Ho-

358 4174 434 4234 bably
444 4172 545 4221 Thirsk.
847 4170 937 4233 reden,
948 4184 975 4232 p.
986 4172 1044 4219 too.
