2820 4882
367 423 506 471 ruerus
530 423 800 473 ursromanuu.
987 411 1053 473 347

102 602 228 664 panem
267 582 459 646 collocabat
497 581 713 663 pradictum,
744 601 846 665 quem
875 601 1187 689 nunquamnnrtuo.

103 683 264 759 comedit,
290 681 357 745 nisi
383 682 482 763 gravi
507 682 714 746 necessitate
739 682 958 764 compulsus3
991 652 1178 764 po-lf‘dobre.

103 788 160 845 tus
179 783 231 845 illi
256 781 322 845 fuit
345 788 470 863 gustus
495 800 596 863 aquae
620 781 849 863 permodicus,
874 801 937 845 nec
962 780 1054 845 hunc

103 882 274 958 sumebat,
292 881 357 944 nisi
372 881 490 945 valide
505 881 563 944 siti
580 887 743 960 coactus3
767 900 944 963 nunquam
956 881 1054 964 jace-

103 983 165 1045 bat
186 982 223 1044 in
245 982 347 1057 lecto,
364 980 425 1043 sed
447 980 484 1043 in
505 981 609 1043 humo
632 981 725 1044 nuda
747 1000 851 1062 super
870 981 983 1044 cilicio
1004 980 1055 1043 sa·

104 1082 236 1162 tigatus
257 1080 431 1156 decubuit,
455 1080 568 1162 capite
594 1080 775 1163 supposito
801 1080 928 1161 lapide,
953 1099 1054 1162 quem

104 1200 169 1262 pro
197 1199 316 1243 mensa
339 1179 508 1260 habebat3
542 1179 626 1243 luna
652 1180 788 1244 lucente
814 1180 974 1260 operibus
1001 1180 1055 1242 in·

105 1281 263 1358 sistebat,
286 1286 333 1357 et,
357 1299 478 1343 somno
498 1280 549 1343 ite
573 1279 743 1357 discusso,
770 1279 984 1343 orationibus
1001 1279 1054 1342 in-

105 1380 315 1461 cumbebat3
351 1379 463 1443 hieme
490 1379 571 1460 gelu
601 1387 637 1443 et
662 1381 741 1444 nive
773 1378 912 1460 rigenti,
943 1378 1056 1442 nudus

107 1479 236 1543 flumen
267 1481 444 1561 ingressus
478 1486 579 1543 nocte
601 1480 649 1542 ibi
670 1486 744 1543 tota
761 1479 878 1543 vivam
897 1479 1055 1561 semetilr

106 1599 184 1644 sum
208 1579 360 1644 Domino
390 1579 537 1643 hostiam
567 1579 781 1656 immolabat,
813 1586 848 1642 et
875 1598 984 1662 usque
1012 1578 1056 1641 ad

104 1680 232 1744 collum
266 1682 464 1744 submersus
498 1680 672 1743 orationes
711 1686 746 1743 et
787 1679 940 1760 psalmos
978 1697 1055 1741 cum

106 1779 293 1864 lachrymis
308 1779 549 1863 profundebat.
571 1851 574 1856 ,
602 1778 696 1841 Dum
716 1778 767 1842 vir
784 1785 925 1841 sanctus
947 1785 1056 1841 staret

105 1881 141 1942 in
166 1880 281 1961 aquis,
301 1879 464 1962 apparuit
478 1879 511 1941 ei
532 1896 626 1960 saepe
648 1877 805 1942 diabolus
827 1878 1056 1940 membrorum

106 1979 335 2044 universitate
358 1979 535 2057 distortae,
561 1985 608 2056 et,
631 1979 765 2042 cumin
789 1996 868 2040 eum
883 1976 988 2041 vellet
1010 1977 1057 2039 ir-

106 2098 217 2158 ruere,
238 2080 339 2162 signo
359 2086 489 2143 sanctae
511 2079 623 2142 crucis
647 2078 744 2141 illum
761 2076 941 2141 confusum
959 2076 1058 2157 fuga-

106 2179 174 2260 vit3
203 2186 318 2243 vestes
340 2179 427 2263 ejuS,
450 2197 537 2261 quas
559 2179 595 2241 in
618 2179 695 2261 ripa
716 2177 915 2260 reliquerat,
938 2195 1059 2258 aspor-

107 2279 209 2357 tavit,
223 2299 326 2362 quem
343 2279 516 2343 Godricus
532 2280 583 2343 ita
600 2279 751 2342 clamore
771 2276 948 2353 deterruit,
966 2276 1058 2359 quod

107 2386 235 2444 cuncta
251 2380 448 2462 relinquens
466 2378 597 2462 effugit.

111 2553 203 2626 Quod
214 2551 316 2616 brutus
330 2552 481 2617 tiedricus
489 2573 626 2638 pueram
639 2576 675 2617 ea
690 2575 740 2618 ore
755 2553 904 2639 imoyiuis
918 2552 1061 2635 crucifici

159 2651 242 2716 cidit
263 2653 346 2716 eolre
369 2662 398 2716 et
419 2653 454 2715 iu
479 2652 590 2716 metris
608 2653 760 2737 cremium
784 2652 958 2718 decemo
979 2673 1060 2716 rece

158 2761 268 2816 rector.

160 2875 229 2938 Die
246 2874 407 2957 quodam,
424 2875 505 2938 dum
522 2877 575 2940 vir
590 2875 732 2940 Domini
749 2875 969 2941 Godricusin
981 2896 1057 2940 ora-

109 2975 199 3037 torio
228 2993 292 3038 suo
317 2974 441 3038 sedens
466 2976 667 3058 psalterium
692 2977 892 3052 ruminaret,
909 2975 996 3040 vidit
1012 2995 1057 3039 ex

109 3093 170 3137 ore
200 3074 361 3155 imaginis
390 3075 547 3157 crucifixi
574 3075 755 3160 puerulum
787 3076 895 3151 exire,
925 3075 985 3159 qui
1012 3076 1056 3138 ad

108 3174 295 3254 imaginem
332 3175 444 3238 beatae
472 3175 631 3257 virginis,
662 3194 740 3258 quae
768 3175 806 3236 in
829 3182 928 3256 parte
956 3175 1055 3255 aqui-

108 3272 199 3336 lonis
221 3275 337 3338 stabat
358 3273 396 3337 in
414 3274 534 3338 eadem
553 3277 661 3352 trabe,
684 3275 860 3339 descendit
874 3281 909 3338 et
926 3271 1074 3356 gremio

107 3372 219 3455 ipsius
245 3373 381 3439 insedit.
434 3374 504 3438 Illa
524 3394 607 3440 vero
633 3394 755 3438 manus
775 3383 898 3439 contra
916 3375 1056 3439 venien·

109 3480 180 3535 tem
209 3474 400 3538 extendens
430 3475 629 3556 amplexum
658 3474 729 3538 fere
756 3494 817 3556 per
848 3482 919 3538 tres
951 3474 1056 3561 horas

109 3571 260 3636 brachiis
280 3574 509 3654 confovebat3
539 3595 626 3656 puer
647 3593 796 3657 quoque,
818 3575 982 3656 quamdiu
1003 3594 1058 3638 se-

13 3731 15 3736 .
110 3672 215 3735 debat
233 3673 270 3734 in
293 3675 424 3754 gremio
442 3675 576 3752 matris,
596 3681 636 3737 ut
653 3675 774 3738 vivens
796 3675 832 3736 in
852 3694 995 3757 corpore
1019 3694 1057 3737 se

110 3773 286 3848 movebat,
297 3780 332 3837 et
343 3773 388 3836 ad
398 3772 474 3857 ejus
483 3774 669 3838 adventum
684 3775 813 3856 pariter
824 3781 860 3837 et
870 3774 1058 3837 discessum

109 3879 185 3936 tota
210 3891 319 3935 sacrae
344 3872 490 3955 virginis
513 3875 629 3956 imago
650 3875 701 3937 ita
717 3874 935 3950 contremuit,
960 3880 1000 3936 ut
1022 3873 1059 3936 in

109 3973 208 4036 trabe
234 3971 369 4035 ruinam
388 3973 511 4036 minari
532 3975 719 4039 videretur.
773 3973 926 4036 Putabat
944 3979 1058 4035 autem

110 4073 243 4135 amicus
273 4072 340 4135 Dei
373 4072 545 4136 Godricus
586 4073 747 4155 imaginis
777 4074 931 4136 membra
962 4072 1060 4135 vitali

110 4172 235 4254 spiritu
254 4173 431 4255 compleri,
448 4180 483 4237 et
501 4193 644 4257 puerum
668 4194 736 4237 non
753 4172 848 4236 aliud
864 4191 940 4236 esse
956 4191 1060 4254 quam
