2820 4882
390 391 527 439 nunnus
553 392 824 443 uisronrrnuu.
1015 379 1081 445 269

127 540 288 606 introitus
312 549 364 606 est
388 544 463 608 caeli
493 551 528 607 et
553 544 702 608 caelestis
734 544 905 627 paradisi;
940 545 1214 628 quandoaurea.

128 642 214 703 enim
244 643 352 725 aliqui
383 663 404 706 a
439 644 537 706 nobis
571 644 749 718 recedunt,
781 645 861 707 binc
889 645 924 706 in
956 645 1077 709 caelum
1091 619 1242 720 lllssllll‘ll

128 742 331 819 ascendunt,
362 751 397 807 et
429 743 595 825 quamdiu
624 744 679 806 hic
706 762 896 820 manemuS,
924 745 1079 826 quotidie
1091 721 1112 760 ⁸⁴
1124 721 1197 759 ‘'ml‘'

128 842 231 904 'semel
256 844 370 924 pascit
393 862 457 905 nos
473 843 550 906 cibo
568 843 698 906 caelesti
715 844 825 920 Deua,
848 853 883 907 et
905 845 999 927 quali
1022 845 1077 907 hio

127 951 311 1022 pascamur
328 943 417 1016 cibo,
436 943 614 1005 nobiscum
637 944 766 1007 senties
785 943 858 1028 jam
882 943 1078 1025 gustando?

128 1040 198 1103 Vix
216 1060 375 1104 sermone
392 1040 502 1117 finito,
518 1048 554 1104 et
576 1061 655 1106 ecce
678 1045 779 1125 quasi
797 1044 914 1107 radius
930 1044 1076 1107 flammae

127 1140 215 1220 ignis
249 1140 293 1204 de
333 1140 418 1204 caelo
450 1141 661 1205 descendens
696 1145 845 1224 patriam
878 1150 987 1207 totam
1018 1162 1076 1207 co·

128 1241 272 1321 operuit,
292 1246 327 1303 et
350 1241 451 1323 quasi
473 1260 536 1322 per
557 1241 673 1305 radios
696 1262 800 1324 super
822 1243 939 1325 capita
960 1243 1080 1324 singu-

128 1339 237 1403 lorum
265 1341 449 1405 subsidens
472 1340 613 1405 flamma
635 1341 774 1406 demum
798 1349 873 1407 tota
894 1343 930 1405 in
953 1343 1003 1406 eis
1025 1344 1080 1405 in»

128 1441 255 1520 travit3
289 1439 380 1503 unde
406 1441 504 1504 miles
531 1448 665 1505 tantam
694 1442 886 1506 dulcedinis
914 1443 950 1506 in
975 1443 1080 1507 corde

128 1541 229 1604 simul
262 1547 298 1605 et
329 1561 473 1625 corpore
505 1542 614 1605 sensit
644 1542 865 1619 suavitatem,
895 1543 987 1625 qued
1016 1544 1077 1606 vix

119 1640 312 1717 intellexit,
339 1649 456 1706 utrum
478 1642 579 1732 uivus
604 1662 648 1705 an
675 1650 833 1706 mortuus
855 1642 989 1720 fuisset,
1017 1644 1077 1706 sed

126 1740 212 1804 hora
227 1742 289 1805 illa
304 1742 339 1804 in
355 1749 529 1806 momento
546 1741 720 1806 transivit.
775 1743 829 1806 lbi
850 1743 948 1806 miles
968 1743 1078 1806 liben-

127 1848 180 1904 ter
208 1841 244 1904 in
269 1860 383 1906 aevum
410 1850 577 1919 maneret,
605 1843 635 1904 si
660 1842 724 1906 sibi
756 1843 821 1907 hiis
848 1844 980 1907 deliciis
1009 1842 1078 1907 frui

126 1941 257 2018 liceret,
280 1941 341 2004 sed
363 1949 443 2024 post
465 1942 550 2005 talia
573 1948 741 2025 tantaque
763 1943 921 2027 jucunda
942 1944 973 2007 ei
997 1944 1077 2006 tris-

126 2042 175 2106 tia
197 2041 405 2119 referuntur,
423 2040 643 2119 ‘Quoniam'
666 2043 827 2125 inquiunt
851 2043 964 2106 sancti
988 2062 1076 2124 prae·

126 2142 232 2218 soles,
250 2147 308 2204 ‘et
335 2142 487 2222 requiem
512 2143 705 2219 beatorum,
738 2150 777 2205 ut
799 2143 1013 2219 desiderasti,
1039 2149 1075 2206 et

126 2248 301 2306 tormenta
325 2242 495 2305 malorum
520 2261 611 2307 nunc
635 2262 699 2324 pro
726 2249 825 2325 parte
852 2243 1076 2325 conspexisti,

126 2348 264 2424 oportet
287 2349 322 2406 te
339 2341 426 2426 jam,
449 2349 489 2406 ut
511 2363 573 2424 per
596 2343 740 2406 eandem
762 2344 868 2418 viam,
888 2362 957 2425 qua
970 2361 1075 2406 vene·

124 2462 197 2520 ras,
213 2443 420 2523 revertaris3
443 2443 473 2505 si
492 2451 621 2520 autem,
648 2442 738 2524 quod
765 2444 868 2520 absit,
887 2443 977 2506 male
996 2443 1075 2507 vix·

126 2544 194 2606 eris
213 2542 338 2606 amodo
361 2543 404 2606 ad
429 2542 581 2607 seculum
608 2562 779 2620 reversuS,
800 2542 918 2606 vidisti
944 2550 1076 2625 quanta

125 2649 160 2706 te
182 2649 389 2724 exspectant
411 2649 595 2721 tormenta,
622 2645 755 2707 sivero
777 2644 865 2706 bene
886 2644 1016 2707 vixeris
1039 2653 1073 2708 et

126 2743 302 2824 religiose,
330 2761 471 2807 securus
501 2750 589 2816 esto,
623 2742 798 2825 quiahoc
828 2743 872 2806 ad
907 2763 970 2807 nos
996 2763 1074 2825 per*

126 2844 244 2908 'venies
267 2842 406 2924 quando
429 2843 471 2906 de
493 2862 637 2925 corpore
655 2843 779 2907 exibis.
832 2842 876 2906 In
899 2844 966 2906 isto
988 2863 1074 2925 quo·

127 2964 195 3027 que
213 2943 338 3019 reditu,
367 2962 436 3024 quo
456 2962 547 3005 nunc
574 2944 769 3020 reverteriS,
795 2962 857 3006 nec
879 2943 1073 3007 daemonum

127 3050 301 3108 tormenta
331 3042 541 3118 formidabis,
569 3043 651 3124 quia
674 3043 848 3106 daemones
875 3043 918 3105 ad
943 3052 978 3107 te
1004 3063 1074 3107 non

127 3145 302 3208 audebunt
325 3143 499 3219 accedere,
526 3162 589 3205 nec
612 3150 785 3207 tormenta
807 3143 870 3206 tibi
899 3151 1073 3225 poterunt,

127 3264 205 3327 quae
217 3243 348 3320 vidisti,
367 3243 515 3307 nocere.'
543 3242 659 3306 Tunc
676 3242 774 3305 miles
790 3242 877 3305 flens
892 3249 927 3306 et
940 3243 1074 3327 ejulans

127 3346 189 3423 ait,
202 3349 214 3378 ‘
226 3343 321 3406 Hinc
337 3343 512 3407 discedere
530 3363 599 3406 uon
614 3343 726 3420 valeo,
743 3341 826 3425 quia
841 3341 942 3406 valde
958 3344 1074 3421 timeo,

125 3465 170 3509 ne
190 3464 252 3526 per
265 3442 487 3524 fragilitatem
511 3443 671 3506 bumauae
693 3443 840 3506 miseriae
863 3442 992 3526 aliquid
1015 3443 1075 3506 de-

126 3545 293 3627 linquam,
309 3544 400 3624 qued
418 3562 473 3606 me
483 3543 649 3625 impediat
663 3543 731 3606 buc
749 3542 884 3606 redire.'
946 3543 1075 3620 ‘Non,'

125 3645 299 3728 inquiunt,
314 3649 324 3678 ‘
337 3643 427 3708 sicut
441 3649 480 3706 tu
497 3645 562 3720 vis,
581 3643 658 3720 erit,
674 3642 734 3706 sed
753 3643 843 3706 sicut
857 3641 935 3720 Ille,
956 3645 1017 3725 qui
1039 3651 1074 3706 et

128 3764 190 3809 nos
208 3751 244 3808 et
257 3751 292 3806 te
315 3742 408 3821 fecit,
423 3743 583 3820 veluerit,
600 3744 651 3806 ita
665 3742 749 3807 fiet!
801 3742 955 3807 Moerens
968 3743 1075 3825 igitur

128 3853 161 3910 et
173 3845 299 3927 lugens
317 3843 415 3907 miles
431 3844 535 3907 abeis
551 3844 726 3907 reducitur
742 3842 785 3905 ad
802 3849 948 3924 portam,
968 3853 1015 3921 et,
1033 3863 1073 3906 eo

128 3953 248 4009 contra
261 3943 477 4008 voluntatem
492 3963 590 4008 suam
606 3962 757 4025 egresso,
780 3941 953 4006 clauditur
974 3950 1075 4026 porta

129 4053 205 4129 post
219 4046 346 4129 ipsum.
