2820 4882
304 404 370 468 226
552 418 685 466 noorai
712 419 758 464 nn
782 419 992 466 wunnovnn

145 591 268 633 annu·
307 578 451 641 ducibus
474 576 590 641 Marte
614 583 649 639 et
667 575 839 651 Vulcano,
860 594 924 638 rex
948 573 1131 637 Scotorum
1153 592 1256 637 coac-

147 706 279 754 neumey
308 684 365 740 tus
389 683 442 740 est
464 675 666 740 concordari
689 695 766 738 cum
789 676 876 755 ipso.
930 672 1123 736 Henricum
1147 673 1256 754 igitur

146 756 284 846 hildim
309 777 415 840 filium
442 777 533 856 regis
558 774 709 839 obsidem
735 793 852 837 secum
878 772 1063 836 ducensin
1088 770 1255 853 Angliam

310 874 520 939 Ludehlawe
540 875 721 938 castellum
743 873 896 951 obsedit3
922 873 981 935 ubi
1006 870 1098 934 idem
1123 871 1254 934 Henri-

288 994 384 1051 -cuS,
418 975 461 1036 ab
494 973 637 1037 inclusis
665 992 755 1036 unco
785 972 895 1035 ferreo
926 990 1015 1053 equo
1046 971 1256 1046 abstractus,

310 1093 410 1156 paine
427 1073 519 1136 intra
540 1091 657 1136 muros
680 1071 855 1154 projectus
873 1077 938 1147 est,
960 1069 1020 1133 sed
1037 1089 1101 1132 rex
1120 1070 1196 1152 ipse
1213 1071 1257 1132 ab

311 1174 468 1237 hostibus
484 1192 574 1249 eum,
590 1181 630 1236 ut
649 1172 748 1234 miles
772 1172 945 1252 egregius
965 1169 1186 1233 laudabiliter
1202 1189 1257 1232 re-

313 1272 432 1337 traxit.
485 1271 573 1334 Inde
602 1271 646 1334 ad
673 1270 860 1346 Oxoniam,
886 1270 1073 1352 subjugato
1099 1268 1257 1344 castello,

312 1371 486 1454 profectus
506 1371 598 1451 cepit
620 1371 667 1433 ibi
682 1371 718 1432 in
737 1371 833 1433 curia
854 1387 919 1432 sua
940 1369 1041 1431 nimis
1062 1369 1257 1450 perniciose

314 1463 514 1551 Rogerum,¹
528 1469 812 1533 Sarisberiensem
827 1469 1037 1551 episcopum,
1049 1474 1085 1531 et
1101 1465 1259 1530 Alexan-

313 1570 412 1633 drum
436 1569 720 1645 lincolniensem,
744 1569 854 1650 ipsius
881 1574 1055 1650 nepotem,
1076 1567 1259 1643 violenter,

314 1670 400 1732 nihil
418 1668 634 1732 rectitudinis
656 1676 866 1732 recusantes
919 1666 1059 1731 Ponens
1080 1667 1189 1748 igitur
1210 1667 1260 1729 ibi

314 1769 350 1831 in
371 1787 541 1838 carcerem
562 1768 751 1832 antistitem
769 1766 1007 1831 Alexandrum
1028 1766 1261 1830 Sarisberien·

315 1887 387 1930 sem
402 1887 518 1930 secum
535 1867 637 1931 duxit
654 1868 698 1931 ad
715 1867 894 1931 castellum
906 1866 994 1948 ejus,
1011 1867 1103 1949 quod
1117 1859 1260 1930 ²Divise

315 1973 472 2043 vocatur,
488 1986 557 2049 quo
572 1986 641 2030 non
655 1976 730 2031 erat
746 1965 957 2048 splendidius
977 1967 1071 2029 intra
1087 1965 1173 2028 fines
1190 1965 1261 2027 Eu-

315 2085 422 2148 ropae.
451 2064 612 2129 Afflictus
625 2066 732 2146 igitur
746 2067 849 2142 fame,
863 2074 898 2129 et
913 2065 1001 2128 collo
1015 2064 1075 2127 filii
1094 2064 1182 2147 ejus
1200 2064 1261 2146 qui

312 2165 541 2242 cancellarius
570 2165 696 2241 fuerat,
720 2165 884 2247 laqueum
909 2171 1103 2228 annectens
1122 2172 1162 2227 ut
1185 2182 1263 2226 sus·

267 2323 271 2331 ,
315 2265 533 2347 penderetur,
559 2264 624 2327 hac
653 2272 728 2328 arte
757 2264 938 2328 castellum
965 2264 1127 2340 obtinuit,
1154 2270 1265 2345 atquo

318 2371 393 2427 arte
411 2363 530 2428 eadem
553 2363 799 2427 Sireburnense
820 2363 1036 2445 oppidumin
1059 2381 1123 2425 sua
1147 2369 1265 2445 potes·

318 2469 393 2526 tate
420 2464 570 2544 recepit3
598 2457 858 2546 ³accipiensque
879 2463 1060 2526 thesauros
1088 2462 1263 2544 pontificis

318 2562 535 2644 comparavit
566 2563 646 2625 indo
675 2562 862 2627 Eustochio
883 2562 965 2625 ¹tilio
995 2581 1059 2625 suo
1089 2561 1264 2626 Constan-

319 2661 415 2734 tiam,
433 2680 585 2724 sororem
602 2661 779 2726 Lodowici
795 2661 888 2743 regis
904 2661 1129 2738 Francorum,
1146 2660 1266 2725 matri-

318 2760 435 2824 monio
461 2761 703 2843 copulandam.
737 2761 826 2825 Inde
850 2780 988 2843 quoque
1013 2761 1177 2824 recedens
1200 2780 1264 2824 rex

318 2858 477 2922 similiter
495 2862 567 2941 egit
583 2861 626 2923 de
643 2858 857 2936 Alexandro,
876 2859 1109 2924 Lincolniensi
1130 2861 1265 2943 episco-

318 2976 377 3120 po,
403 2958 512 3022 donec
545 2959 693 3024 reddidit
716 2962 747 3024 ei
778 2958 923 3024 castella
950 2960 992 3023 de
1016 2953 1207 3024 *Noowere
1230 2966 1267 3022 et

351 3058 498 3122 otforda.

322 3227 414 3301 Quod
425 3214 576 3293 Mariua
590 3206 747 3314 quondum¹
759 3230 945 3315 imperatrice
959 3232 1040 3296 cauit
1056 3233 1092 3297 in
1102 3234 1267 3319 Angitiam.

157 3366 306 3455 ffietffprreu
384 3346 532 3417 Eodem⁵
565 3373 648 3417 vero
683 3360 838 3436 tempore
873 3354 1042 3432 Matildis,
1072 3356 1144 3420 filia
1175 3359 1268 3440 regis

156 3467 266 3554 xmp
322 3451 480 3529 Henrici,
504 3472 582 3534 quae
605 3453 672 3516 fuit
692 3454 907 3535 imperatrix,
925 3455 981 3517 cui
997 3453 1129 3537 Anglia
1146 3457 1270 3539 jurata

156 3566 228 3605 wne·
321 3558 407 3627 erat,
423 3571 501 3614 cum
520 3552 655 3615 comite·
666 3552 822 3616 Roberto
840 3553 947 3617 fratre
965 3572 1028 3631 suo
1048 3556 1085 3618 in
1102 3555 1269 3638 Angliam

358 3748 365 3778 ¹
377 3753 509 3813 Rogarem.
522 3745 535 3818 ]
554 3752 714 3814 Malmsbury
735 3752 782 3801 has
799 3751 882 3818 ficia]
898 3753 1075 3817 Huntingdon,
1085 3769 1113 3822 p.
1125 3760 1183 3807 389.
1195 3757 1271 3808 Com·

321 3822 396 3884 given
409 3836 442 3870 an
453 3825 562 3870 account
574 3822 603 3869 of
611 3822 653 3870 the
664 3823 782 3871 occasion
806 3837 867 3884 pare
883 3823 1022 3874 Ordericus
1032 3825 1172 3888 Vitalis,›p.
1184 3832 1244 3879 919.

320 3891 402 3940 olthis
412 3890 733 3952 quarreloiStephenwith
740 3892 782 3940 the
840 3889 851 3921 ⁴
863 3893 979 3942 Neowere
991 3898 1016 3942 et
1032 3894 1172 3960 ufforde]
1191 3898 1273 3948 Now-

318 3961 439 4022 bishops;
459 3960 527 4010 Hist.
539 3961 632 4010 Novel.
643 3977 669 4024 p.
681 3965 738 4011 716.
806 3961 853 4010 ark
864 3963 1049 4013 andsleaford.
1177 4019 1182 4024 ⁸

354 4027 492 4093 wore]
512 4031 637 4093 navim„
656 4030 747 4080 camd.
763 4031 781 4080 i.
841 4029 954 4082 mnam
966 4068 973 4083 .
987 4069 994 4082 .
1007 4068 1013 4083 .
1026 4038 1138 4096 tempore.
1155 4021 1274 4101 ]''oom-

320 4103 376 4149 198.
806 4115 867 4162 pare
888 4103 970 4153 Gesta
989 4103 1123 4166 Stephani,
1143 4119 1189 4167 pp.
1212 4111 1272 4170 946,

355 4165 547 4231 ³Accipieneqae
565 4171 689 4221 thesauros
698 4170 783 4232 ponti·
805 4185 870 4234 seqq.
881 4173 944 4220 with
956 4173 1127 4236 Malmsbury,
1138 4189 1164 4236 p.
1177 4180 1236 4239 796.
