2820 4882
309 416 375 480 344
560 429 696 478 uoennr
720 431 768 477 nn
790 405 998 478 wannovnn

148 601 270 693 &pyro
311 595 346 651 et
368 587 491 651 fervidi
518 588 661 651 formam
686 587 785 669 quasi
808 586 1024 668 sphaericam,
1050 604 1127 667 quae
1152 583 1264 648 instar

148 663 260 743 οοὲοοο
311 681 392 751 vitii
414 686 617 751 lucidissimi
639 684 961 768 tirasonensis,
985 683 1137 749 stiriam
1161 684 1262 747 unii-

311 807 378 869 que
399 787 679 869 incomparabilis
696 785 826 851 candor
841 785 1000 861 obduxit,
1023 783 1104 847 licet
1122 783 1262 847 modum

311 886 490 969 qualitatis
502 886 628 951 animae
644 906 744 949 nemo
758 886 874 950 valeat
889 884 1075 966 explicare.
1127 881 1262 947 Audito

223 1035 226 1038 -
311 994 428 1050 autem
450 988 546 1051 obitu
569 987 635 1049 viri
657 986 781 1062 sancti,
804 985 889 1049 socii
912 983 1000 1067 ejus,
1023 983 1082 1065 qui
1104 991 1205 1046 erant
1227 983 1264 1045 in

312 1087 408 1150 curia
429 1087 522 1151 beuti
544 1085 739 1160 Cuthberti,
761 1084 852 1148 inter
877 1102 964 1166 quos
986 1082 1099 1146 fuerat
1119 1081 1263 1164 juvenis

312 1194 548 1262 conversatus,
558 1185 767 1268 sepelierunt
778 1204 853 1248 eum
866 1183 903 1246 in
916 1183 1115 1247 coemeterio
1128 1182 1263 1245 Dunel-

312 1305 432 1349 mensi.

347 1457 435 1536 Quod
450 1456 551 1521 laios
569 1456 722 1541 Godricoo
736 1456 980 1540 Hierosolymam
990 1456 1150 1541 profectos
1163 1476 1233 1519 oum

571 1557 781 1642 promeritoria
795 1577 933 1620 rooorsoa
947 1565 999 1620 ort.

362 1680 507 1762 Sepulto
528 1681 648 1762 itaque
669 1681 776 1745 fratre
795 1681 869 1763 jam
892 1679 995 1758 dicto,
1012 1679 1185 1743 Godrious
1209 1701 1264 1744 re·

316 1781 464 1844 vertitur
481 1780 523 1843 ad
539 1780 724 1856 desertum,
741 1781 907 1844 haesitans
924 1779 1005 1862 quid
1024 1780 1069 1843 de
1084 1799 1122 1842 se
1135 1780 1264 1843 divinae

314 1881 360 1942 sit
389 1880 555 1962 placitum
584 1879 781 1959 voluntati;
816 1880 898 1942 dum
929 1880 1037 1961 igitur
1067 1898 1172 1962 super
1197 1878 1264 1943 hoc

314 1980 481 2043 attentius
505 1980 618 2042 Deum
644 1988 770 2057 oraret,
784 1999 854 2043 vox
877 1979 978 2062 lapsa
998 1979 1041 2042 de
1064 1980 1150 2042 caelo
1172 1979 1265 2042 dixit

315 2080 358 2156 ei,
374 2084 383 2112 ‘
399 2079 551 2160 Expedit
574 2079 636 2143 tibi
659 2080 709 2143 ire
737 2079 1017 2162 Hierosolymam
1045 2085 1080 2141 et
1103 2079 1231 2143 reverti
1244 2084 1264 2155 ;’

315 2179 375 2241 sed
406 2186 441 2242 et
468 2186 609 2243 sanctus
635 2178 812 2243 consessor
836 2178 966 2242 Christi
993 2178 1205 2243 Cuthbertus
1231 2181 1263 2242 ei

315 2297 487 2360 apparens
510 2279 611 2355 dixit,
635 2278 758 2342 ‘Vade
782 2278 1063 2362 Hierosolymam
1086 2298 1165 2342 cum
1186 2278 1263 2343 Du·

268 2427 269 2430 .
315 2378 409 2441 mino
434 2377 600 2460 crucifigi,
625 2385 661 2442 et
685 2398 751 2460 ego
775 2379 838 2442 tibi
859 2397 937 2442 sum
962 2379 1099 2442 futurus
1125 2379 1265 2462 adjutor

314 2477 351 2540 in
368 2479 524 2541 omnibus
542 2485 577 2542 et
594 2485 773 2559 patronus,
791 2485 838 2554 et,
862 2479 995 2543 itineris
1018 2478 1121 2562 hujus
1144 2478 1265 2543 labore

314 2580 566 2654 consummato,
582 2579 647 2642 suh
665 2597 742 2642 mea
758 2580 973 2660 protectione
987 2578 1080 2660 apud
1098 2578 1265 2642 Finchale

316 2676 469 2740 Domino
492 2677 682 2742 militabis.'
734 2677 906 2741 Godricus
921 2685 1036 2741 autem
1055 2677 1267 2742 Dunelmum

314 2795 474 2840 reversus
513 2778 650 2859 signum
687 2778 798 2840 crucis
828 2796 907 2841 cum
939 2778 1132 2861 presbyteri
1159 2778 1265 2842 bene·

314 2876 465 2940 dictione
493 2879 657 2959 suscepit.
710 2876 753 2939 In
779 2876 845 2940 hoc
865 2877 988 2941 itinere
1014 2886 1089 2941 erat
1113 2877 1145 2942 ei
1166 2879 1267 2942 cibus

315 2976 416 3058 panis
438 2976 648 3040 hordeaceus
671 2984 706 3040 et
729 2995 822 3058 aqua
843 2985 958 3060 potus,
975 2997 1044 3041 non
1058 2983 1173 3041 vestes
1188 2997 1266 3041 mu-

316 3077 406 3140 tavit
431 3096 496 3140 nec
525 3077 647 3151 abluit,
673 3096 741 3138 non
769 3076 1005 3142 calceamenta
1026 3077 1186 3160 deposuit
1210 3078 1269 3142 vel

316 3177 465 3240 mutavit
487 3183 549 3240 aut
563 3175 770 3252 emendavit,
788 3184 975 3259 antequam
990 3176 1032 3240 ad
1050 3176 1268 3242 loca'sancta

314 3276 470 3354 veniret3
501 3274 545 3338 ad
572 3274 790 3359 sepulchrum
813 3277 955 3339 Domini
977 3283 1012 3340 et
1032 3275 1075 3339 ad
1098 3276 1168 3340 alia
1190 3277 1270 3341 loca

317 3383 439 3439 sancta
466 3377 607 3438 veniens
635 3375 760 3439 devote
789 3377 914 3453 oravit,
942 3376 1138 3459 lachrymas
1165 3376 1268 3455 fudit,

316 3474 391 3537 solo
416 3474 574 3551 adhaesit,
596 3475 715 3538 oscula
739 3473 829 3552 fixit,
856 3476 906 3538 ita
935 3475 1082 3540 devotus
1112 3476 1268 3541 existens

317 3580 357 3636 ut
372 3575 432 3639 vix
449 3574 590 3638 cuilibet
605 3574 767 3637 credibile
782 3574 969 3639 videretur.
1024 3574 1082 3639 Ad
1098 3574 1122 3639 J
1124 3577 1268 3640 ordenis

315 3673 448 3738 fluenta
463 3673 662 3755 procedens,
680 3693 758 3737 cum
774 3674 886 3738 cilicio
900 3683 935 3738 et
949 3674 1092 3758 scypho,
1110 3695 1215 3756 quem
1229 3678 1269 3741 in

315 3793 399 3855 pera
420 3775 595 3855 portabat,
611 3780 646 3836 et
668 3793 769 3837 cruce
790 3775 938 3850 modica,
954 3794 1059 3856 quam
1079 3794 1215 3859 semper
1229 3776 1266 3840 in

242 3923 245 3927 .
314 3875 474 3938 manibus
506 3873 647 3948 ferebat,
676 3891 786 3956 aquas
815 3874 967 3937 fluminis
991 3875 1161 3952 introivit,
1186 3894 1266 3958 quae

315 3976 409 4036 omni
444 3981 523 4055 post
551 3981 705 4054 tempore
738 3994 807 4055 quo
840 3975 927 4038 vixit
957 3974 1077 4037 habuit
1108 3975 1266 4055 cariora3

313 4080 400 4136 tunc
427 4073 537 4155 primo
558 4081 672 4137 vestes
694 4073 802 4150 exuit,
825 4073 867 4137 de
891 4094 960 4156 qua
982 4074 1075 4137 lotus
1099 4076 1268 4153 ascendit,

315 4172 551 4236 calceamenta
564 4173 723 4255 deposuit
739 4181 774 4237 et
792 4174 892 4250 dixit,
905 4173 1019 4238 ‘Deus
1036 4175 1268 4257 omnipotens,
