2820 4882
430 418 570 465 ruonns
593 419 864 468 nisronmnun.
1055 404 1121 468 443

172 573 226 634 sui
252 573 339 635 citra
353 591 448 635 mare
468 579 503 635 et
520 572 632 649 ultra;
660 579 695 634 et
717 570 833 634 nullus
857 572 1027 636 baronum
1047 573 1121 636 sive
1134 592 1257 632 aunan

171 670 331 748 militum,
347 673 407 752 qui
423 672 459 734 in
475 670 541 734 hac
554 688 666 734 werra
679 670 827 733 adhaesit
840 672 959 734 comiti
974 671 1121 734 Richar-

173 769 231 845 do,
257 770 444 833 decaetero
465 769 591 833 redibit
615 767 659 832 ad
684 787 802 849 regem
820 765 971 850 Angliae,
997 770 1065 834 nisi
1084 770 1123 833 in

172 867 295 932 ultimo
310 888 440 945 mense,
457 875 540 932 ante
558 868 744 931 motionem
764 886 884 949 regum
905 887 1027 932 versus
1050 876 1121 933 ter-

173 984 248 1029 ram
264 975 434 1044 sanctam,
456 967 556 1050 cujus
579 966 745 1030 terminus
766 966 803 1030 in
825 967 939 1030 media
961 965 1121 1045 Quadra·

173 1065 307 1144 gesimo
337 1065 414 1128 erit.
467 1065 576 1128 Dabit
608 1072 776 1146 praeterea
804 1066 879 1146 regi
908 1065 1122 1129 Francorum

175 1183 240 1244 pro
260 1164 436 1227 laboribus
458 1165 530 1227 suis
547 1165 583 1227 in
605 1165 770 1247 obsequio
791 1164 926 1228 comitis
953 1163 1122 1227 Richardi

174 1262 338 1344 impensis
360 1263 485 1345 viginti
511 1263 620 1326 millia
645 1280 781 1326 marcas
805 1263 967 1343 argenti;
1001 1270 1037 1327 et
1058 1281 1136 1329 rex.

177 1360 387 1425 Francorum
414 1369 451 1426 et
479 1379 593 1426 comes
621 1361 817 1425 Richardus
843 1361 1009 1425 tenebunt
1036 1361 1122 1425 civi·

176 1466 267 1523 tates
295 1460 585 1524 cenomannicam
618 1467 654 1524 et
687 1459 911 1537 Turonicam,
941 1479 1020 1522 cum
1045 1479 1122 1524 cas-

176 1559 267 1621 tellis
290 1558 333 1621 de
355 1559 447 1630 Lair,
469 1559 512 1622 de
534 1558 643 1634 Trou,
664 1558 773 1622 donec
796 1559 912 1622 omnia
931 1558 1018 1623 fiant
1045 1579 1123 1642 quae

177 1663 258 1720 sunt
284 1657 486 1739 praelocuta.
539 1657 583 1720 In
605 1656 670 1721 hoc
693 1665 810 1721 autem
831 1665 960 1722 eventu
985 1658 1124 1723 videtur

177 1756 359 1837 prophetia
372 1756 513 1820 Merlini
529 1757 713 1838 completa,
725 1775 805 1838 quae
822 1755 916 1830 dicit,
934 1751 1125 1821 ¹‘Dabitur
1190 1803 1197 1816 .

177 1854 329 1918 maxillis
362 1855 438 1938 ejus
465 1854 624 1937 fraenum,
649 1854 741 1936 quod
771 1855 809 1917 in
837 1853 1019 1919 Armorico
1044 1856 1124 1918 sinu

60 1960 64 1967 ’
176 1952 400 2017 fabricabitur
406 1949 425 2033 ;’
439 1953 586 2016 bannum
601 1971 740 2036 quoque
756 1953 910 2015 maxillis
926 1951 1013 2034 ejus,
1027 1953 1124 2017 vide-

177 2050 258 2116 licet
277 2053 369 2134 regis
383 2051 536 2133 Angliae,
561 2058 615 2115 est
641 2051 772 2128 datum,
797 2050 891 2127 dum,
917 2051 1010 2132 quod
1037 2071 1125 2133 prae·

177 2150 375 2214 decessores
395 2152 449 2214 sui
465 2149 684 2215 hereditario
702 2149 783 2233 jure
804 2150 841 2213 in
854 2148 1010 2215 Avemia
1025 2156 1125 2213 tenu·

177 2257 290 2326 erant,
307 2249 458 2314 dominio
475 2249 622 2332 subjecit
638 2248 801 2327 alterius3
828 2248 911 2311 dum
927 2246 1126 2330 transfugas

178 2367 273 2423 suos,
290 2346 498 2411 Gaufridum
511 2348 643 2411 scilicet
659 2347 702 2410 de
716 2346 906 2424 Meduana,
930 2346 1126 2411 Gnidonem

178 2447 221 2509 de
232 2445 349 2522 Valle,
373 2446 597 2529 Radulpbum
622 2446 665 2509 de
690 2445 874 2526 Fulgeriis,
897 2447 991 2510 intra
1013 2447 1127 2509 sinum

178 2544 375 2609 habitantes
403 2543 635 2621 Armoricum,
656 2543 691 2606 id
717 2550 771 2607 est
792 2544 1045 2621 Britannicum,
1067 2545 1127 2627 qui

178 2644 274 2706 sinus
298 2643 484 2707 transitum
512 2641 718 2705 facientibus
743 2660 766 2704 a
793 2642 977 2708 Britannia
1005 2662 1127 2707 versus

181 2741 364 2804 Franciam
389 2760 427 2803 se
452 2740 634 2822 pacificum
665 2746 701 2803 et
726 2743 985 2806 commeabilem
1007 2741 1127 2805 offere·

179 2841 252 2916 bat,
271 2840 390 2904 vitatis
412 2839 537 2903 finibus
564 2838 858 2917 Normannorum,
884 2841 921 2903 in
947 2840 1128 2921 ligantiam

180 2945 216 3002 et
240 2945 449 3020 potestatem
479 2937 542 3001 filii
574 2937 629 3001 sui
663 2935 843 3013 Richardi,
875 2938 982 3002 vellet
1007 2939 1128 3015 nollet,

180 3038 326 3101 transire
340 3037 523 3101 concessit.

285 3205 327 3269 Ut
343 3206 510 3290 imperator
525 3205 685 3267 Romanus
701 3204 761 3267 iter
767 3203 1030 3290 perepriuetiouis

581 3302 734 3388 arripuit.

232 3425 334 3490 Circa
355 3426 428 3489 dies
449 3425 547 3502 istos,
569 3426 606 3490 in
627 3425 717 3490 festo
739 3425 852 3490 sancti
870 3424 1025 3506 Georgii,
1045 3425 1129 3489 Fre·
1142 3444 1187 3484 me

182 3525 329 3600 dericus,
342 3525 530 3605 imperator
544 3523 734 3599 Romanus
751 3523 830 3587 loca
841 3525 1034 3588 Dominicae
1049 3543 1129 3607 pas-
1140 3491 1271 3593 ifflir'e

182 3621 288 3686 sionis
323 3623 528 3686 visitaturus
563 3622 849 3704 peregrinationis
882 3623 948 3686 iter
984 3623 1131 3705 arripuit

183 3720 276 3802 apud
300 3721 591 3802 Remesburgum,
615 3721 801 3785 transitum
825 3740 888 3804 per
907 3719 1130 3803 Hungariam

182 3826 217 3882 et
233 3819 447 3901 Bulgariam,
463 3821 554 3883 sicut
569 3828 809 3903 proposuerat,
825 3820 1018 3884 habiturus.

219 4036 228 4068 ¹
238 4039 346 4089 Dabitur
360 4042 499 4107 maxillis]
521 4044 578 4094 Vol.
590 4044 608 4093 i.
620 4058 647 4105 p.
658 4048 707 4105 253
724 4058 766 4094 see
777 4045 819 4094 the
830 4049 954 4094 comment
964 4045 998 4105 by
1009 4045 1086 4094 Alan.
1099 4045 1132 4094 de

183 4109 289 4170 insulis,
302 4115 375 4173 1608,
386 4127 413 4172 p.
427 4115 469 4162 9⁷.
