2820 4882
370 411 510 459 anonas
533 412 806 462 fflsroamauu.
993 398 1058 463 861

107 573 280 651 absolvat,
300 579 335 637 et
352 573 446 656 quod
464 572 551 636 nulli
570 571 744 637 hominum
764 572 867 637 liceat
885 572 1058 638 infirmare
1071 588 1192 679 infimi

107 673 197 756 quod
220 673 320 736 sedes
337 672 529 756 apostolica
544 672 735 736 decreverit
749 674 987 754 statuendum3
1006 683 1060 739 at·
1072 651 1180 731 Βοῖιῖἶο

106 780 236 851 tamen,
255 772 286 836 si
307 772 557 837 londoniensis
574 779 609 835 et
629 771 891 836 Sarisberiensis
908 774 1060 858 episcopi

108 871 226 936 etalii
249 871 538 935 excommunicati
561 889 625 934 suo
647 871 810 936 mandato
830 891 868 936 se
887 873 1060 955 parituros

104 970 225 1054 jurare
240 969 382 1048 vellent,
401 989 460 1034 eos
482 990 546 1053 pro
567 988 652 1052 pace
671 969 825 1034 ecclesiae
843 977 879 1034 et
901 991 1060 1036 reveren-

108 1070 158 1133 tia
185 1069 314 1133 domini
341 1069 434 1150 regis
459 1067 665 1134 absolveret.
740 1068 798 1133 Illi
820 1088 903 1134 vero
930 1071 983 1133 ira
1009 1071 1062 1135 in-

108 1168 367 1246 candescentes,
385 1174 421 1231 et
440 1167 554 1231 scelus
574 1167 755 1245 nefarium,
775 1168 868 1250 quod
891 1169 927 1232 in
946 1178 1061 1234 mente

109 1273 351 1350 conceperant,
369 1267 414 1331 ad
435 1265 594 1331 effectum
613 1267 800 1350 perducere
822 1276 1061 1351 properantes,

110 1386 190 1430 cum
221 1367 353 1449 impetu
382 1372 623 1447 recesserunt;
657 1367 935 1451 archiepiscopus
966 1388 1061 1447 vero,

109 1466 328 1531 monentibus
350 1466 483 1530 clericis
509 1466 583 1530 suis
609 1472 645 1530 et
666 1466 752 1530 bora
777 1467 845 1530 diei
865 1469 1062 1551 vespertina

109 1573 269 1648 urgente,
288 1566 325 1630 in
343 1566 509 1650 majorem
531 1565 675 1630 intravit
697 1565 876 1630 ecclesiam
898 1587 1061 1650 vesperas

111 1672 326 1730 cantaturus.
384 1664 546 1744 Quatuor
575 1665 694 1748 itaque
725 1665 893 1731 satellites
922 1667 1062 1731 nefandi

82 1847 83 1851 Ἰ
112 1765 316 1848 supradicti,
343 1765 448 1828 armis
468 1764 607 1828 interim
631 1765 742 1828 induti
764 1765 983 1844 militaribus
1005 1786 1061 1829 ar·

110 1862 367 1947 cbiepiscopum
384 1884 403 1928 e
420 1864 569 1945 vestigio
586 1872 669 1928 sunt
688 1865 811 1941 secuti,
832 1865 903 1948 qui,
921 1885 998 1929 cum
1016 1867 1061 1930 ad

111 1963 292 2028 ecclesiam
311 1964 562 2046 pervenissent,
580 1963 671 2027 ostia
686 1963 775 2046 ejus,
793 1969 833 2026 ut
848 1971 1062 2047 praeceperat

109 2063 402 2145 archiepiscopus,
416 2063 623 2127 invenerunt
637 2070 773 2145 aperta3
792 2061 938 2144 ‘Neque
949 2063 1063 2142 enim,'

111 2163 173 2241 ait,
189 2161 341 2226 ‘christi
352 2161 544 2239 ecclesiam,
555 2181 634 2245 quae
648 2162 782 2225 cunctis
799 2161 902 2226 debet
916 2182 991 2226 esse
1008 2183 1062 2227 re·

112 2261 257 2344 sugium,
276 2261 396 2326 ordine
417 2263 557 2325 turbato
574 2260 862 2325 commutabimus
880 2263 917 2325 in
936 2263 1061 2327 castel-

102 2361 208 2429 .lum.'
231 2361 358 2425 Turbis
376 2380 513 2445 quoque
528 2360 680 2442 undique
697 2359 962 2439 confluentibus,
974 2381 1062 2444 pree-

111 2461 176 2525 sati
206 2468 356 2545 quatuor
385 2459 512 2524 milites
543 2459 723 2524 ecclesiam
751 2459 978 2526 irreverenter
1007 2463 1061 2524 in-

112 2560 223 2642 gressi
247 2560 396 2623 clamare
418 2565 610 2641 coeperunt,
632 2559 730 2622 ‘Ubi
755 2566 808 2623 est
830 2561 987 2643 proditor
1007 2581 1061 2626 re-

112 2660 179 2741 gis,
201 2660 260 2724 ubi
282 2666 336 2724 est
361 2658 518 2742 proditor
544 2658 649 2738 regis,
673 2659 733 2722 ubi
758 2667 812 2724 est
834 2660 1063 2742 archiepisco·

116 2779 179 2842 pus
188 2759 215 2822 t’
252 2758 318 2823 Ille
338 2765 467 2836 autem,
484 2777 561 2822 cum
582 2757 736 2822 audisset
752 2778 877 2823 nomen
894 2760 1062 2843 archiepi-

113 2859 221 2941 scopi,
235 2878 257 2922 a
272 2858 374 2923 tertio
387 2857 441 2922 vel
459 2866 584 2941 quarto
600 2859 804 2940 presbyterii
821 2859 944 2940 gradu,
961 2879 1062 2941 quem

110 2958 184 3042 jam
199 2958 413 3035 ascenderat,
430 2958 480 3021 eis
497 2957 634 3022 obviam
653 2976 830 3039 regressus
852 2965 917 3035 est,
933 2958 1063 3037 dicens,

114 3057 175 3121 ‘Si
190 3057 344 3141 quaeritis
359 3057 664 3140 archiepiscopum,
682 3075 761 3120 ecce
777 3076 831 3119 me
848 3057 885 3120 in
901 3064 1063 3141 promptu

114 3156 249 3221 habetis
260 3155 280 3235 3’
303 3157 428 3238 quibus
445 3159 570 3221 acerba
586 3156 858 3239 proponentibus
876 3157 908 3220 ei
922 3175 963 3220 ac
976 3176 1063 3220 mor·

115 3271 185 3322 tem
202 3256 490 3320 comminantibus
509 3256 571 3333 ait,
593 3261 604 3290 ‘
621 3256 697 3337 Ego
712 3255 799 3320 mori
814 3264 958 3339 paratus
975 3275 1064 3334 sum,

115 3357 198 3420 vitae
214 3355 407 3439 praeferens
432 3355 655 3420 assertionem
678 3354 826 3438 justitiae
853 3363 888 3420 et
910 3354 1064 3420 ecclesiae

115 3456 333 3534 libertatem3
357 3474 443 3537 rogo
459 3463 576 3519 tamen
598 3462 638 3519 ut
657 3456 725 3522 mei
746 3475 815 3519 non
837 3457 908 3520 sint
924 3455 1065 3520 obnoxii

117 3574 242 3638 poenae,
254 3553 345 3619 sicut
359 3573 427 3617 non
442 3553 581 3618 fuerunt
593 3555 787 3618 incentores
803 3556 943 3619 causae'
971 3555 1065 3618 Dum

117 3663 233 3719 autern
260 3653 400 3717 nefandi
424 3653 603 3718 carnifices
633 3654 762 3717 strictis
793 3653 824 3716 ei
847 3653 1067 3735 insurgerent

117 3754 255 3817 ensibus
275 3752 337 3831 ait,
355 3753 454 3817 ‘Deo
471 3760 506 3817 et
523 3753 635 3816 beatae
655 3752 780 3816 Mariae
799 3759 834 3816 et
851 3753 981 3818 sanctis
1001 3752 1066 3814 hu-

113 3854 180 3937 jus
191 3852 346 3917 ecclesiae
364 3851 519 3935 patronis
537 3857 573 3914 et
591 3852 693 3915 beato
713 3851 883 3934 Dionysio
899 3853 1068 3934 meipsum

118 3961 153 4017 et
168 3951 322 4016 ecclesiae
340 3971 483 4015 causam
502 3949 740 4028 commendas
779 3951 985 4015 Immolatus
1000 3950 1067 4013 ita·

118 4072 185 4134 que
205 4059 338 4134 martyr
360 4050 534 4134 gloriosus
552 4057 634 4113 ante
653 4050 762 4114 altare
779 4051 872 4115 beati
890 4049 1070 4115 Benedicti
