2820 4882
398 421 537 469 ruccas
560 423 828 471 nisroninnuu.
1021 411 1088 474 245

136 576 371 641 haereditatem
397 598 496 642 suam
518 599 563 643 ex
586 587 685 662 parte
706 579 826 643 matris
852 599 938 657 suae,
963 590 1220 646 contrahamus.

134 677 398 757 prohibitionem
424 680 516 760 regis
541 679 765 756 Francorum,
797 680 887 743 uude
911 680 1083 745 discordia

133 775 346 858 interipsum
365 798 481 859 regem
497 785 533 841 et
550 780 709 843 comitem
727 787 805 842 orta
821 787 886 846 est.

160 949 248 1028 Quod
260 971 314 1013 rec
329 951 510 1046 Lodcwc'cus
527 953 607 1036 cpit
620 952 794 1037 impium
809 953 897 1016 ducis
912 952 1055 1017 Hearicc'.

181 1073 286 1138 Anno
301 1074 443 1139 Domini
460 1093 545 1139 nou.
562 1096 625 1139 rex
645 1076 856 1139 Francorum
873 1075 1079 1142 Lodowicus
1091 1099 1147 1139 au.
1158 1103 1215 1142 nn.

130 1181 166 1237 et
188 1166 415 1238 ¹Eustachius
436 1174 527 1237 filius
553 1174 644 1256 regis
664 1175 833 1256 Stephani
855 1195 933 1239 cum
955 1175 1079 1241 militia
1090 1149 1219 1251 iffssllly.

131 1274 272 1354 copiosa
287 1280 455 1338 venerunt
484 1282 566 1338 ante
586 1282 716 1337 turrem
738 1275 781 1337 de
797 1273 923 1337 Archis
944 1276 988 1339 ob
1008 1275 1080 1338 dis-

129 1372 282 1436 cordiam
299 1381 535 1450 memoratam,
551 1374 611 1437 ubi
627 1374 731 1437 etiam
754 1372 864 1438 adfuit
886 1373 959 1437 dux
984 1373 1077 1439 Nor-

129 1473 276 1535 manniae
284 1471 804 1556 Heuricusetpaterejuscomes
812 1472 1077 1555 Andegaveusis

130 1571 318 1635 Gaufridus
336 1591 414 1635 cum
436 1572 568 1654 ingenti
590 1573 744 1635 exercitu
760 1570 1075 1653 Andegavensium,

128 1672 311 1734 Britonum
334 1679 369 1734 et
392 1670 694 1750 Normannorum3
726 1670 787 1734 sed
813 1671 967 1736 videntes
989 1675 1075 1736 utri-

126 1790 236 1853 usque
261 1771 372 1852 partis
398 1771 581 1853 principes,
607 1770 700 1853 quud
726 1770 879 1851 legiones
905 1772 990 1834 illuc
1014 1792 1074 1835 ne·

126 1871 271 1953 quibant
290 1870 364 1932 sine
382 1888 510 1951 magna
529 1871 709 1952 sanguinis
724 1870 888 1933 effusione
903 1869 1075 1934 hostiliter

126 1969 320 2046 convenire,
344 1977 525 2051 coeperunt
547 1968 589 2032 de
611 1988 697 2051 pace
720 1967 882 2046 tractare,
903 1977 950 2046 et,
964 1971 1072 2032 inter-

124 2069 340 2133 venientibus
371 2075 595 2151 utrorumque
620 2070 751 2146 amicis,
774 2088 837 2131 rex
861 2068 1072 2131 Francorum

126 2169 217 2250 cepit
240 2163 436 2248 homagium
457 2167 554 2231 ducis
570 2167 716 2231 Henrici
732 2168 775 2230 de
792 2167 1020 2243 Nurmannia,
1037 2176 1072 2231 et

124 2269 174 2331 sic
197 2267 341 2349 pacifice
364 2273 589 2331 recesserunt.
646 2267 732 2329 Dux
754 2265 863 2348 igitur
885 2267 1072 2344 HenricuS,

124 2367 204 2431 dum
233 2372 400 2431 tractaret
429 2386 506 2430 cum
531 2366 756 2448 optimatibus
783 2367 855 2429 suis
881 2366 923 2429 de
949 2367 1072 2430 itincre

123 2486 186 2530 suo
213 2467 250 2528 in
277 2464 453 2547 Angliam,
476 2473 577 2547 pater
599 2466 675 2550 ejus
697 2465 790 2547 apud
813 2472 965 2530 castrum
991 2466 1072 2528 Leti

125 2566 279 2646 graviter
303 2564 497 2628 infirmatus
523 2565 670 2647 septimo
692 2564 770 2628 idus
793 2553 1004 2647 Septembris
1026 2566 1071 2628 ab

124 2665 189 2728 hac
215 2665 289 2736 vita
317 2664 494 2745 migravit,
527 2672 561 2729 et
590 2665 640 2727 sic
668 2662 843 2727 Henricus
872 2664 963 2728 filius
995 2664 1070 2747 ejus

123 2764 236 2828 factus
265 2769 319 2827 est
348 2783 463 2827 comcs
488 2763 793 2845 Andegaveusium
821 2769 856 2826 et
879 2763 952 2826 dux
977 2763 1070 2826 Nor·

122 2883 339 2927 marmorum.
392 2862 523 2926 Eodem
549 2883 639 2926 anno
663 2861 848 2939 hadulfus,
879 2865 985 2926 abbas
999 2860 1069 2926 'ec-

122 2963 236 3027 clesiae
276 2962 388 3025 sancti
420 2961 560 3039 Albani,
598 2961 758 3024 decidens
795 2962 832 3024 in
868 2961 1069 3043 languorem

124 3053 335 3127 Robcrtum²
358 3060 401 3124 dc
421 3060 608 3138 Goreham,
631 3061 779 3142 priorem
805 3060 959 3123 ecclesiae
983 3079 1069 3137 suae,

122 3181 222 3224 suum
237 3167 495 3243 procuratorem
511 3159 691 3224 constituit
713 3180 775 3242 per
796 3159 977 3223 consilium
989 3178 1068 3222 con·

121 3269 259 3338 ventus,
276 3267 312 3324 et
326 3259 433 3325 totius
450 3260 598 3334 abbatiae
614 3267 793 3324 rectorem.

404 3435 455 3499 Do
468 3434 617 3498 hereticis
630 3433 789 3499 Acrisiuc'c.

171 3559 302 3624 Eodem
319 3578 410 3623 anno
428 3558 658 3635 Reimundus,
681 3575 795 3621 comes
818 3554 1069 3637 Tripolitanus,
1082 3571 1210 3662 {imples

122 3661 176 3723 vir
206 3667 330 3741 potens
355 3665 390 3722 et
419 3659 455 3721 in
484 3657 589 3721 armis
622 3664 795 3734 strenuus,
827 3656 871 3718 ab
902 3653 1134 3741 Assisinisnn⁴

123 3759 323 3823 interfectus
361 3763 436 3836 est;
487 3757 700 3838 planxerunt
735 3762 851 3819 autem
891 3773 968 3817 eum
1007 3772 1069 3815 rex

124 3846 346 3930 Hierusalem
380 3856 603 3919 Baldewinus
633 3863 669 3920 et
697 3863 799 3919 terrae
832 3851 1070 3934 promissionis

122 3957 271 4038 populus
300 3957 497 4031 universus
525 3962 566 4019 ut
592 3957 652 4038 qui
682 3962 758 4018 erat
780 3952 881 4018 valde
907 3950 1070 4014 formida·

156 4133 342 4206 'Eustachius.]
356 4138 480 4202 Compare
489 4138 583 4189 chron.
646 4135 797 4185 'liebertum
813 4135 842 4182 de
856 4126 998 4199 timebun]
1023 4131 1071 4180 See

123 4211 241 4260 Nurman.
254 4224 280 4270 p.
292 4213 350 4260 984.
612 4209 704 4271 below,
715 4222 741 4268 p.
753 4208 812 4267 249,
822 4207 886 4252 nole.
