<?xml version="1.0" encoding="UTF-8"?>
<!DOCTYPE html PUBLIC "-//W3C//DTD XHTML 1.0 Transitional//EN"
    "http://www.w3.org/TR/xhtml1/DTD/xhtml1-transitional.dtd">
<html xmlns="http://www.w3.org/1999/xhtml" xml:lang="en" lang="en">
 <head>
  <title>
</title>
<meta http-equiv="Content-Type" content="text/html;charset=utf-8" />
  <meta name='ocr-system' content='tesseract 3.04.00' />
  <meta name='ocr-capabilities' content='ocr_page ocr_carea ocr_par ocr_line ocrx_word'/>
</head>
<body>
  <div class='ocr_page' id='page_1' title='image "./rogeridewendove01rogegoog_0297.png"; bbox 0 0 2820 4882; ppageno 0'>
   <div class='ocr_carea' id='block_1_1' title="bbox 375 385 1068 450">
    <p class='ocr_par' dir='ltr' id='par_1_1' title="bbox 375 385 1068 450">
     <span class='ocr_line' id='line_1_1' title="bbox 375 385 1068 450; baseline 0 0"><span class='ocrx_word' id='word_1_1' title='bbox 375 385 440 450; x_wconf 81' lang='lat'>286</span> <span class='ocrx_word' id='word_1_2' title='bbox 631 403 765 450; x_wconf 81' lang='lat' dir='ltr'>uocum</span> <span class='ocrx_word' id='word_1_3' title='bbox 791 403 837 449; x_wconf 82' lang='lat' dir='ltr'>ou</span> <span class='ocrx_word' id='word_1_4' title='bbox 861 402 1068 450; x_wconf 82' lang='lat' dir='ltr'>wmvoovnu</span> 
     </span>
    </p>
   </div>
   <div class='ocr_carea' id='block_1_2' title="bbox 211 556 1331 2111">
    <p class='ocr_par' dir='ltr' id='par_1_2' title="bbox 212 556 1331 641">
     <span class='ocr_line' id='line_1_2' title="bbox 212 556 1331 641; baseline 0.006 -26"><span class='ocrx_word' id='word_1_5' title='bbox 212 577 337 616; x_wconf 63' lang='lat' dir='ltr'>nonna</span> <span class='ocrx_word' id='word_1_6' title='bbox 376 557 454 620; x_wconf 91' lang='lat' dir='ltr'>dem</span> <span class='ocrx_word' id='word_1_7' title='bbox 474 556 519 621; x_wconf 96' lang='lat' dir='ltr'>ad</span> <span class='ocrx_word' id='word_1_8' title='bbox 542 575 580 620; x_wconf 90' lang='lat' dir='ltr'>se</span> <span class='ocrx_word' id='word_1_9' title='bbox 601 577 762 622; x_wconf 90' lang='lat' dir='ltr'>reversus</span> <span class='ocrx_word' id='word_1_10' title='bbox 775 559 895 641; x_wconf 91' lang='lat' dir='ltr'>jussit,</span> <span class='ocrx_word' id='word_1_11' title='bbox 914 565 954 622; x_wconf 93' lang='lat' dir='ltr'>ut</span> <span class='ocrx_word' id='word_1_12' title='bbox 971 558 1088 640; x_wconf 92' lang='lat' dir='ltr'>puella</span> <span class='ocrx_word' id='word_1_13' title='bbox 1107 565 1331 640; x_wconf 82' lang='lat' dir='ltr'>exspectaret</span> 
     </span>
    </p>

    <p class='ocr_par' dir='ltr' id='par_1_3' title="bbox 211 629 1330 2111">
     <span class='ocr_line' id='line_1_3' title="bbox 211 629 1330 733; baseline 0.001 -13"><span class='ocrx_word' id='word_1_14' title='bbox 211 629 304 676; x_wconf 42' lang='grc' dir='ltr'>Μὰ</span> <span class='ocrx_word' id='word_1_15' title='bbox 376 657 485 721; x_wconf 90' lang='lat' dir='ltr'>donec</span> <span class='ocrx_word' id='word_1_16' title='bbox 503 656 548 720; x_wconf 94' lang='lat' dir='ltr'>ad</span> <span class='ocrx_word' id='word_1_17' title='bbox 571 657 668 720; x_wconf 93' lang='lat' dir='ltr'>illam</span> <span class='ocrx_word' id='word_1_18' title='bbox 688 658 827 733; x_wconf 87' lang='lat' dir='ltr'>rediret,</span> <span class='ocrx_word' id='word_1_19' title='bbox 850 665 886 721; x_wconf 91' lang='lat' dir='ltr'>et</span> <span class='ocrx_word' id='word_1_20' title='bbox 906 658 957 720; x_wconf 91' lang='lat' dir='ltr'>sic</span> <span class='ocrx_word' id='word_1_21' title='bbox 973 659 1019 721; x_wconf 93' lang='lat' dir='ltr'>ad</span> <span class='ocrx_word' id='word_1_22' title='bbox 1034 660 1161 722; x_wconf 91' lang='lat' dir='ltr'>ostium</span> <span class='ocrx_word' id='word_1_23' title='bbox 1178 659 1330 722; x_wconf 90' lang='lat' dir='ltr'>cubiculi</span> 
     </span>
     <span class='ocr_line' id='line_1_4' title="bbox 376 755 1330 840; baseline 0.001 -22"><span class='ocrx_word' id='word_1_24' title='bbox 376 755 553 821; x_wconf 89' lang='lat' dir='ltr'>divertens</span> <span class='ocrx_word' id='word_1_25' title='bbox 587 757 737 819; x_wconf 91' lang='lat' dir='ltr'>cultrum</span> <span class='ocrx_word' id='word_1_26' title='bbox 766 757 912 838; x_wconf 79' lang='lat' dir='ltr'>arripuit</span> <span class='ocrx_word' id='word_1_27' title='bbox 937 763 973 820; x_wconf 92' lang='lat' dir='ltr'>et</span> <span class='ocrx_word' id='word_1_28' title='bbox 1003 758 1145 840; x_wconf 90' lang='lat' dir='ltr'>propria</span> <span class='ocrx_word' id='word_1_29' title='bbox 1174 758 1330 820; x_wconf 86' lang='lat' dir='ltr'>membra</span> 
     </span>
     <span class='ocr_line' id='line_1_5' title="bbox 377 854 1329 938; baseline 0.001 -19"><span class='ocrx_word' id='word_1_30' title='bbox 377 855 492 919; x_wconf 91' lang='lat' dir='ltr'>virilia</span> <span class='ocrx_word' id='word_1_31' title='bbox 506 854 712 919; x_wconf 81' lang='lat' dir='ltr'>abscindens</span> <span class='ocrx_word' id='word_1_32' title='bbox 726 855 820 919; x_wconf 85' lang='lat' dir='ltr'>foras</span> <span class='ocrx_word' id='word_1_33' title='bbox 838 855 994 938; x_wconf 91' lang='lat' dir='ltr'>projecit.</span> <span class='ocrx_word' id='word_1_34' title='bbox 1036 861 1047 890; x_wconf 88' lang='lat'>‘</span> <span class='ocrx_word' id='word_1_35' title='bbox 1067 855 1184 934; x_wconf 78' lang='lat' dir='ltr'>Quid:</span> <span class='ocrx_word' id='word_1_36' title='bbox 1200 857 1329 938; x_wconf 88' lang='lat' dir='ltr'>inquit,</span> 
     </span>
     <span class='ocr_line' id='line_1_6' title="bbox 377 953 1330 1037; baseline 0.002 -20"><span class='ocrx_word' id='word_1_37' title='bbox 377 955 554 1037; x_wconf 87' lang='lat' dir='ltr'>‘putastis</span> <span class='ocrx_word' id='word_1_38' title='bbox 571 953 757 1032; x_wconf 87' lang='lat' dir='ltr'>daemones,</span> <span class='ocrx_word' id='word_1_39' title='bbox 773 954 868 1037; x_wconf 88' lang='lat' dir='ltr'>quod</span> <span class='ocrx_word' id='word_1_40' title='bbox 885 975 955 1018; x_wconf 88' lang='lat' dir='ltr'>non</span> <span class='ocrx_word' id='word_1_41' title='bbox 968 955 1199 1020; x_wconf 86' lang='lat' dir='ltr'>intellexerim</span> <span class='ocrx_word' id='word_1_42' title='bbox 1213 963 1330 1020; x_wconf 92' lang='lat' dir='ltr'>tenta-</span> 
     </span>
     <span class='ocr_line' id='line_1_7' title="bbox 377 1054 1329 1136; baseline 0.002 -20"><span class='ocrx_word' id='word_1_43' title='bbox 377 1054 490 1117; x_wconf 91' lang='lat' dir='ltr'>tiones</span> <span class='ocrx_word' id='word_1_44' title='bbox 508 1055 668 1117; x_wconf 86' lang='lat' dir='ltr'>vestras&#39;l</span> <span class='ocrx_word' id='word_1_45' title='bbox 693 1054 749 1118; x_wconf 92' lang='lat' dir='ltr'>De</span> <span class='ocrx_word' id='word_1_46' title='bbox 762 1055 958 1136; x_wconf 84' lang='lat' dir='ltr'>perditione</span> <span class='ocrx_word' id='word_1_47' title='bbox 977 1074 1055 1118; x_wconf 89' lang='lat' dir='ltr'>mea</span> <span class='ocrx_word' id='word_1_48' title='bbox 1069 1054 1125 1119; x_wconf 92' lang='lat' dir='ltr'>vel</span> <span class='ocrx_word' id='word_1_49' title='bbox 1142 1055 1224 1117; x_wconf 85' lang='lat' dir='ltr'>tiliae</span> <span class='ocrx_word' id='word_1_50' title='bbox 1242 1075 1329 1118; x_wconf 87' lang='lat' dir='ltr'>meae</span> 
     </span>
     <span class='ocr_line' id='line_1_8' title="bbox 377 1151 1330 1236; baseline 0.001 -21"><span class='ocrx_word' id='word_1_51' title='bbox 377 1173 447 1216; x_wconf 92' lang='lat' dir='ltr'>non</span> <span class='ocrx_word' id='word_1_52' title='bbox 460 1151 670 1234; x_wconf 83' lang='lat' dir='ltr'>gaudebitis,</span> <span class='ocrx_word' id='word_1_53' title='bbox 686 1154 769 1235; x_wconf 92' lang='lat' dir='ltr'>quia</span> <span class='ocrx_word' id='word_1_54' title='bbox 779 1173 844 1217; x_wconf 87' lang='lat' dir='ltr'>nec</span> <span class='ocrx_word' id='word_1_55' title='bbox 859 1173 913 1217; x_wconf 91' lang='lat' dir='ltr'>me</span> <span class='ocrx_word' id='word_1_56' title='bbox 924 1173 988 1216; x_wconf 90' lang='lat' dir='ltr'>nec</span> <span class='ocrx_word' id='word_1_57' title='bbox 1005 1154 1117 1236; x_wconf 86' lang='lat' dir='ltr'>ipsam</span> <span class='ocrx_word' id='word_1_58' title='bbox 1132 1153 1330 1218; x_wconf 63' lang='lat' dir='ltr'>habebitis)</span> 
     </span>
     <span class='ocr_line' id='line_1_9' title="bbox 376 1251 1329 1334; baseline 0.001 -20"><span class='ocrx_word' id='word_1_59' title='bbox 376 1251 701 1334; x_wconf 87' lang='lat' dir='ltr'>Sequentiquoque</span> <span class='ocrx_word' id='word_1_60' title='bbox 723 1260 837 1330; x_wconf 90' lang='lat' dir='ltr'>nocte,</span> <span class='ocrx_word' id='word_1_61' title='bbox 858 1273 935 1316; x_wconf 90' lang='lat' dir='ltr'>cum</span> <span class='ocrx_word' id='word_1_62' title='bbox 957 1252 1115 1316; x_wconf 89' lang='lat' dir='ltr'>diabolus</span> <span class='ocrx_word' id='word_1_63' title='bbox 1134 1254 1329 1334; x_wconf 81' lang='lat' dir='ltr'>interroga-</span> 
     </span>
     <span class='ocr_line' id='line_1_10' title="bbox 377 1350 1329 1434; baseline 0.003 -21"><span class='ocrx_word' id='word_1_64' title='bbox 377 1358 431 1414; x_wconf 90' lang='lat' dir='ltr'>ret</span> <span class='ocrx_word' id='word_1_65' title='bbox 453 1350 658 1432; x_wconf 91' lang='lat' dir='ltr'>discipulum</span> <span class='ocrx_word' id='word_1_66' title='bbox 688 1351 837 1433; x_wconf 88' lang='lat' dir='ltr'>quidde</span> <span class='ocrx_word' id='word_1_67' title='bbox 864 1353 1067 1434; x_wconf 87' lang='lat' dir='ltr'>presbytero</span> <span class='ocrx_word' id='word_1_68' title='bbox 1099 1359 1215 1416; x_wconf 91' lang='lat' dir='ltr'>actum</span> <span class='ocrx_word' id='word_1_69' title='bbox 1243 1353 1329 1416; x_wconf 78' lang='lat' dir='ltr'>tuis·</span> 
     </span>
     <span class='ocr_line' id='line_1_11' title="bbox 377 1449 1329 1532; baseline 0.004 -19"><span class='ocrx_word' id='word_1_70' title='bbox 377 1456 443 1526; x_wconf 90' lang='lat' dir='ltr'>set,</span> <span class='ocrx_word' id='word_1_71' title='bbox 474 1449 665 1532; x_wconf 84' lang='lat' dir='ltr'>respondit,</span> <span class='ocrx_word' id='word_1_72' title='bbox 695 1470 733 1514; x_wconf 91' lang='lat' dir='ltr'>se</span> <span class='ocrx_word' id='word_1_73' title='bbox 758 1471 892 1515; x_wconf 90' lang='lat' dir='ltr'>omnem</span> <span class='ocrx_word' id='word_1_74' title='bbox 920 1452 1073 1515; x_wconf 89' lang='lat' dir='ltr'>laborem</span> <span class='ocrx_word' id='word_1_75' title='bbox 1100 1452 1270 1529; x_wconf 87' lang='lat' dir='ltr'>amisisse,</span> <span class='ocrx_word' id='word_1_76' title='bbox 1293 1459 1329 1517; x_wconf 88' lang='lat' dir='ltr'>et</span> 
     </span>
     <span class='ocr_line' id='line_1_12' title="bbox 377 1548 1329 1632; baseline 0.004 -21"><span class='ocrx_word' id='word_1_77' title='bbox 377 1548 528 1630; x_wconf 85' lang='lat' dir='ltr'>qualiter</span> <span class='ocrx_word' id='word_1_78' title='bbox 560 1548 722 1613; x_wconf 88' lang='lat' dir='ltr'>sacerdos</span> <span class='ocrx_word' id='word_1_79' title='bbox 754 1550 905 1632; x_wconf 90' lang='lat' dir='ltr'>seipsum</span> <span class='ocrx_word' id='word_1_80' title='bbox 935 1558 1163 1628; x_wconf 86' lang='lat' dir='ltr'>castraverat,</span> <span class='ocrx_word' id='word_1_81' title='bbox 1193 1553 1329 1615; x_wconf 91' lang='lat' dir='ltr'>cunctis</span> 
     </span>
     <span class='ocr_line' id='line_1_13' title="bbox 376 1648 1328 1733; baseline 0.003 -22"><span class='ocrx_word' id='word_1_82' title='bbox 376 1648 607 1725; x_wconf 88' lang='lat' dir='ltr'>audientibus,</span> <span class='ocrx_word' id='word_1_83' title='bbox 630 1650 829 1728; x_wconf 79' lang='lat' dir='ltr'>enarravit3</span> <span class='ocrx_word' id='word_1_84' title='bbox 852 1650 961 1733; x_wconf 92' lang='lat' dir='ltr'>jussit</span> <span class='ocrx_word' id='word_1_85' title='bbox 981 1669 1065 1731; x_wconf 83' lang='lat' dir='ltr'>ergo</span> <span class='ocrx_word' id='word_1_86' title='bbox 1086 1650 1266 1731; x_wconf 86' lang='lat' dir='ltr'>magister,</span> <span class='ocrx_word' id='word_1_87' title='bbox 1287 1660 1328 1715; x_wconf 89' lang='lat' dir='ltr'>ut</span> 
     </span>
     <span class='ocr_line' id='line_1_14' title="bbox 377 1746 1328 1830; baseline 0.002 -21"><span class='ocrx_word' id='word_1_88' title='bbox 377 1746 512 1810; x_wconf 86' lang='lat' dir='ltr'>daemon</span> <span class='ocrx_word' id='word_1_89' title='bbox 535 1747 593 1810; x_wconf 92' lang='lat' dir='ltr'>ille</span> <span class='ocrx_word' id='word_1_90' title='bbox 613 1748 767 1828; x_wconf 86' lang='lat' dir='ltr'>graviter</span> <span class='ocrx_word' id='word_1_91' title='bbox 787 1748 1034 1830; x_wconf 87' lang='lat' dir='ltr'>flagellaretur,</span> <span class='ocrx_word' id='word_1_92' title='bbox 1050 1757 1085 1813; x_wconf 91' lang='lat' dir='ltr'>et</span> <span class='ocrx_word' id='word_1_93' title='bbox 1104 1749 1154 1814; x_wconf 92' lang='lat' dir='ltr'>sic</span> <span class='ocrx_word' id='word_1_94' title='bbox 1176 1769 1328 1813; x_wconf 84' lang='lat' dir='ltr'>conven-</span> 
     </span>
     <span class='ocr_line' id='line_1_15' title="bbox 377 1846 1328 1928; baseline 0.002 -18"><span class='ocrx_word' id='word_1_95' title='bbox 377 1853 433 1910; x_wconf 90' lang='lat' dir='ltr'>tus</span> <span class='ocrx_word' id='word_1_96' title='bbox 442 1846 590 1911; x_wconf 89' lang='lat' dir='ltr'>solvitur</span> <span class='ocrx_word' id='word_1_97' title='bbox 600 1847 783 1928; x_wconf 90' lang='lat' dir='ltr'>spirituum</span> <span class='ocrx_word' id='word_1_98' title='bbox 794 1848 1048 1912; x_wconf 89' lang='lat' dir='ltr'>immundorum</span> <span class='ocrx_word' id='word_1_99' title='bbox 1061 1867 1070 1926; x_wconf 81' lang='lat'>3</span> <span class='ocrx_word' id='word_1_100' title='bbox 1088 1847 1252 1912; x_wconf 89' lang='lat' dir='ltr'>sacerdos</span> <span class='ocrx_word' id='word_1_101' title='bbox 1266 1867 1328 1912; x_wconf 88' lang='lat' dir='ltr'>au-</span> 
     </span>
     <span class='ocr_line' id='line_1_16' title="bbox 376 1946 1326 2028; baseline 0.002 -20"><span class='ocrx_word' id='word_1_102' title='bbox 376 1953 445 2008; x_wconf 90' lang='lat' dir='ltr'>tem</span> <span class='ocrx_word' id='word_1_103' title='bbox 471 1946 634 2028; x_wconf 90' lang='lat' dir='ltr'>puellam,</span> <span class='ocrx_word' id='word_1_104' title='bbox 657 1966 761 2028; x_wconf 90' lang='lat' dir='ltr'>quam</span> <span class='ocrx_word' id='word_1_105' title='bbox 785 1948 991 2024; x_wconf 88' lang='lat' dir='ltr'>nutriverat,</span> <span class='ocrx_word' id='word_1_106' title='bbox 1018 1947 1096 2011; x_wconf 89' lang='lat' dir='ltr'>Deo</span> <span class='ocrx_word' id='word_1_107' title='bbox 1118 1948 1326 2012; x_wconf 86' lang='lat' dir='ltr'>servituram</span> 
     </span>
     <span class='ocr_line' id='line_1_17' title="bbox 376 2039 996 2111; baseline 0.003 -3"><span class='ocrx_word' id='word_1_108' title='bbox 376 2045 695 2110; x_wconf 87' lang='lat' dir='ltr'>sanctimonialibus</span> <span class='ocrx_word' id='word_1_109' title='bbox 714 2039 996 2111; x_wconf 88' lang='lat' dir='ltr'>¹commendavit.</span> 
     </span>
    </p>
   </div>
   <div class='ocr_carea' id='block_1_3' title="bbox 404 2217 1299 2382">
    <p class='ocr_par' dir='ltr' id='par_1_4' title="bbox 404 2217 1299 2382">
     <span class='ocr_line' id='line_1_18' title="bbox 404 2217 1299 2304; baseline 0 -22"><span class='ocrx_word' id='word_1_110' title='bbox 404 2218 495 2292; x_wconf 82' lang='lat' dir='ltr'>Quod</span> <span class='ocrx_word' id='word_1_111' title='bbox 510 2240 591 2304; x_wconf 77' lang='lat' dir='ltr'>repes</span> <span class='ocrx_word' id='word_1_112' title='bbox 605 2217 781 2303; x_wconf 69' lang='lat' dir='ltr'>duplorum</span> <span class='ocrx_word' id='word_1_113' title='bbox 796 2227 824 2282; x_wconf 80' lang='lat' dir='ltr'>et</span> <span class='ocrx_word' id='word_1_114' title='bbox 841 2218 1005 2282; x_wconf 78' lang='lat' dir='ltr'>Scotorum</span> <span class='ocrx_word' id='word_1_115' title='bbox 1020 2228 1130 2283; x_wconf 76' lang='lat' dir='ltr'>mutua</span> <span class='ocrx_word' id='word_1_116' title='bbox 1139 2218 1223 2303; x_wconf 80' lang='lat' dir='ltr'>jara</span> <span class='ocrx_word' id='word_1_117' title='bbox 1237 2217 1299 2282; x_wconf 69' lang='lat' dir='ltr'>atla·</span> 
     </span>
     <span class='ocr_line' id='line_1_19' title="bbox 641 2317 1061 2382; baseline 0 -1"><span class='ocrx_word' id='word_1_118' title='bbox 641 2318 686 2382; x_wconf 82' lang='lat' dir='ltr'>ad</span> <span class='ocrx_word' id='word_1_119' title='bbox 701 2318 831 2381; x_wconf 76' lang='lat' dir='ltr'>invicem</span> <span class='ocrx_word' id='word_1_120' title='bbox 846 2317 1061 2381; x_wconf 75' lang='lat' dir='ltr'>reddiderant.</span> 
     </span>
    </p>
   </div>
   <div class='ocr_carea' id='block_1_4' title="bbox 213 2439 1327 2522">
    <p class='ocr_par' dir='ltr' id='par_1_5' title="bbox 213 2439 1327 2522">
     <span class='ocr_line' id='line_1_20' title="bbox 213 2439 1327 2522; baseline 0.005 -25"><span class='ocrx_word' id='word_1_121' title='bbox 213 2459 335 2498; x_wconf 64' lang='lat' dir='ltr'>annm.</span> <span class='ocrx_word' id='word_1_122' title='bbox 425 2439 531 2505; x_wconf 83' lang='lat' dir='ltr'>Anno</span> <span class='ocrx_word' id='word_1_123' title='bbox 548 2442 689 2507; x_wconf 88' lang='lat' dir='ltr'>Domini</span> <span class='ocrx_word' id='word_1_124' title='bbox 705 2459 843 2506; x_wconf 75' lang='lat' dir='ltr'>manvu.</span> <span class='ocrx_word' id='word_1_125' title='bbox 857 2462 920 2506; x_wconf 85' lang='lat' dir='ltr'>rex</span> <span class='ocrx_word' id='word_1_126' title='bbox 937 2440 1133 2522; x_wconf 82' lang='lat' dir='ltr'>Anglorum</span> <span class='ocrx_word' id='word_1_127' title='bbox 1149 2439 1327 2503; x_wconf 87' lang='lat' dir='ltr'>Henricus</span> 
     </span>
    </p>
   </div>
   <div class='ocr_carea' id='block_1_5' title="bbox 213 2507 304 2558">
    <p class='ocr_par' dir='ltr' id='par_1_6' title="bbox 213 2507 304 2558">
     <span class='ocr_line' id='line_1_21' title="bbox 213 2507 304 2558; baseline 0 -11"><span class='ocrx_word' id='word_1_128' title='bbox 213 2507 304 2558; x_wconf 82' lang='lat' dir='ltr'>llenry&#39;s</span> 
     </span>
    </p>
   </div>
   <div class='ocr_carea' id='block_1_6' title="bbox 213 2535 1327 3518">
    <p class='ocr_par' dir='ltr' id='par_1_7' title="bbox 213 2535 1327 3518">
     <span class='ocr_line' id='line_1_22' title="bbox 214 2535 1326 2623; baseline -0.002 -19"><span class='ocrx_word' id='word_1_129' title='bbox 214 2562 279 2597; x_wconf 74' lang='lat' dir='ltr'>terme</span> <span class='ocrx_word' id='word_1_130' title='bbox 290 2559 341 2597; x_wconf 76' lang='lat' dir='ltr'>with</span> <span class='ocrx_word' id='word_1_131' title='bbox 376 2541 615 2607; x_wconf 86' lang='lat' dir='ltr'>transfretavit</span> <span class='ocrx_word' id='word_1_132' title='bbox 631 2543 668 2605; x_wconf 90' lang='lat' dir='ltr'>in</span> <span class='ocrx_word' id='word_1_133' title='bbox 684 2540 862 2623; x_wconf 82' lang='lat' dir='ltr'>Angliam,</span> <span class='ocrx_word' id='word_1_134' title='bbox 877 2535 931 2605; x_wconf 86' lang='lat' dir='ltr'>²et</span> <span class='ocrx_word' id='word_1_135' title='bbox 952 2560 1016 2604; x_wconf 81' lang='lat' dir='ltr'>rex</span> <span class='ocrx_word' id='word_1_136' title='bbox 1033 2540 1215 2603; x_wconf 89' lang='lat' dir='ltr'>Scotorum</span> <span class='ocrx_word' id='word_1_137' title='bbox 1233 2539 1326 2602; x_wconf 90' lang='lat' dir='ltr'>Mal·</span> 
     </span>
     <span class='ocr_line' id='line_1_23' title="bbox 213 2607 1327 2715; baseline 0.005 -20"><span class='ocrx_word' id='word_1_138' title='bbox 213 2607 346 2697; x_wconf 40' lang='lat' dir='ltr'>mih&amp;</span> <span class='ocrx_word' id='word_1_139' title='bbox 374 2641 507 2704; x_wconf 91' lang='lat' dir='ltr'>colmus</span> <span class='ocrx_word' id='word_1_140' title='bbox 537 2641 686 2704; x_wconf 87' lang='lat' dir='ltr'>reddidit</span> <span class='ocrx_word' id='word_1_141' title='bbox 711 2641 743 2704; x_wconf 91' lang='lat' dir='ltr'>ei</span> <span class='ocrx_word' id='word_1_142' title='bbox 770 2642 946 2705; x_wconf 86' lang='lat' dir='ltr'>civitatem</span> <span class='ocrx_word' id='word_1_143' title='bbox 978 2638 1195 2715; x_wconf 88' lang='lat' dir='ltr'>Karleolum,</span> <span class='ocrx_word' id='word_1_144' title='bbox 1222 2638 1327 2701; x_wconf 91' lang='lat' dir='ltr'>Bam-</span> 
     </span>
     <span class='ocr_line' id='line_1_24' title="bbox 374 2728 1326 2821; baseline -0.003 -19"><span class='ocrx_word' id='word_1_145' title='bbox 374 2740 477 2821; x_wconf 76' lang='lat' dir='ltr'>burgi</span> <span class='ocrx_word' id='word_1_146' title='bbox 503 2749 655 2804; x_wconf 88' lang='lat' dir='ltr'>castrum</span> <span class='ocrx_word' id='word_1_147' title='bbox 686 2747 722 2804; x_wconf 92' lang='lat' dir='ltr'>et</span> <span class='ocrx_word' id='word_1_148' title='bbox 756 2739 1097 2804; x_wconf 90' lang='lat' dir='ltr'>Novum-castellum</span> <span class='ocrx_word' id='word_1_149' title='bbox 1126 2728 1232 2819; x_wconf 80' lang='lat' dir='ltr'>super</span> <span class='ocrx_word' id='word_1_150' title='bbox 1256 2737 1326 2819; x_wconf 84' lang='lat' dir='ltr'>Ty-</span> 
     </span>
     <span class='ocr_line' id='line_1_25' title="bbox 375 2838 1325 2914; baseline 0 -14"><span class='ocrx_word' id='word_1_151' title='bbox 375 2856 468 2914; x_wconf 91' lang='lat' dir='ltr'>nam,</span> <span class='ocrx_word' id='word_1_152' title='bbox 496 2846 532 2903; x_wconf 90' lang='lat' dir='ltr'>et</span> <span class='ocrx_word' id='word_1_153' title='bbox 562 2847 673 2904; x_wconf 91' lang='lat' dir='ltr'>totum</span> <span class='ocrx_word' id='word_1_154' title='bbox 694 2839 898 2903; x_wconf 90' lang='lat' dir='ltr'>comitatum</span> <span class='ocrx_word' id='word_1_155' title='bbox 922 2838 1175 2913; x_wconf 78' lang='lat' dir='ltr'>hodonensem,</span> <span class='ocrx_word' id='word_1_156' title='bbox 1198 2843 1235 2900; x_wconf 87' lang='lat' dir='ltr'>et</span> <span class='ocrx_word' id='word_1_157' title='bbox 1260 2856 1325 2900; x_wconf 84' lang='lat' dir='ltr'>rex</span> 
     </span>
     <span class='ocr_line' id='line_1_26' title="bbox 374 2935 1324 3002; baseline 0.001 -3"><span class='ocrx_word' id='word_1_158' title='bbox 374 2936 523 3002; x_wconf 91' lang='lat' dir='ltr'>reddidit</span> <span class='ocrx_word' id='word_1_159' title='bbox 542 2940 574 3002; x_wconf 92' lang='lat' dir='ltr'>ei</span> <span class='ocrx_word' id='word_1_160' title='bbox 593 2938 855 3002; x_wconf 86' lang='lat' dir='ltr'>Huntendoniae</span> <span class='ocrx_word' id='word_1_161' title='bbox 872 2938 1086 3002; x_wconf 86' lang='lat' dir='ltr'>comitatum.</span> <span class='ocrx_word' id='word_1_162' title='bbox 1124 2935 1324 3001; x_wconf 86' lang='lat' dir='ltr'>Willelmus</span> 
     </span>
     <span class='ocr_line' id='line_1_27' title="bbox 374 3035 1323 3119; baseline 0 -19"><span class='ocrx_word' id='word_1_163' title='bbox 374 3037 543 3114; x_wconf 87' lang='lat' dir='ltr'>similiter,</span> <span class='ocrx_word' id='word_1_164' title='bbox 571 3039 664 3101; x_wconf 89' lang='lat' dir='ltr'>filius</span> <span class='ocrx_word' id='word_1_165' title='bbox 690 3038 782 3119; x_wconf 79' lang='lat' dir='ltr'>regis</span> <span class='ocrx_word' id='word_1_166' title='bbox 804 3036 973 3119; x_wconf 87' lang='lat' dir='ltr'>Stephani</span> <span class='ocrx_word' id='word_1_167' title='bbox 996 3035 1136 3111; x_wconf 91' lang='lat' dir='ltr'>nothus,</span> <span class='ocrx_word' id='word_1_168' title='bbox 1160 3035 1220 3116; x_wconf 90' lang='lat' dir='ltr'>qui</span> <span class='ocrx_word' id='word_1_169' title='bbox 1245 3043 1323 3100; x_wconf 87' lang='lat' dir='ltr'>erat</span> 
     </span>
     <span class='ocr_line' id='line_1_28' title="bbox 374 3134 1322 3215; baseline 0 -17"><span class='ocrx_word' id='word_1_170' title='bbox 374 3155 489 3200; x_wconf 92' lang='lat' dir='ltr'>comes</span> <span class='ocrx_word' id='word_1_171' title='bbox 512 3137 700 3201; x_wconf 89' lang='lat' dir='ltr'>Moretonii</span> <span class='ocrx_word' id='word_1_172' title='bbox 719 3146 754 3201; x_wconf 91' lang='lat' dir='ltr'>et</span> <span class='ocrx_word' id='word_1_173' title='bbox 777 3136 821 3200; x_wconf 90' lang='lat' dir='ltr'>de</span> <span class='ocrx_word' id='word_1_174' title='bbox 844 3137 1054 3212; x_wconf 87' lang='lat' dir='ltr'>Warrenna,</span> <span class='ocrx_word' id='word_1_175' title='bbox 1073 3134 1223 3198; x_wconf 90' lang='lat' dir='ltr'>reddidit</span> <span class='ocrx_word' id='word_1_176' title='bbox 1246 3135 1322 3215; x_wconf 85' lang='lat' dir='ltr'>regi</span> 
     </span>
     <span class='ocr_line' id='line_1_29' title="bbox 374 3233 1323 3312; baseline -0.001 -14"><span class='ocrx_word' id='word_1_177' title='bbox 374 3234 565 3300; x_wconf 89' lang='lat' dir='ltr'>Pevenesel</span> <span class='ocrx_word' id='word_1_178' title='bbox 592 3244 628 3300; x_wconf 88' lang='lat' dir='ltr'>et</span> <span class='ocrx_word' id='word_1_179' title='bbox 654 3236 867 3312; x_wconf 88' lang='lat' dir='ltr'>Norwicum,</span> <span class='ocrx_word' id='word_1_180' title='bbox 897 3243 932 3300; x_wconf 90' lang='lat' dir='ltr'>et</span> <span class='ocrx_word' id='word_1_181' title='bbox 960 3254 1079 3300; x_wconf 92' lang='lat' dir='ltr'>omnes</span> <span class='ocrx_word' id='word_1_182' title='bbox 1112 3233 1323 3297; x_wconf 86' lang='lat' dir='ltr'>munitiones</span> 
     </span>
     <span class='ocr_line' id='line_1_30' title="bbox 373 3331 1323 3418; baseline 0 -22"><span class='ocrx_word' id='word_1_183' title='bbox 373 3353 456 3397; x_wconf 90' lang='lat' dir='ltr'>suas</span> <span class='ocrx_word' id='word_1_184' title='bbox 487 3336 522 3398; x_wconf 92' lang='lat' dir='ltr'>in</span> <span class='ocrx_word' id='word_1_185' title='bbox 550 3333 682 3418; x_wconf 84' lang='lat' dir='ltr'>Anglia</span> <span class='ocrx_word' id='word_1_186' title='bbox 711 3343 746 3398; x_wconf 91' lang='lat' dir='ltr'>et</span> <span class='ocrx_word' id='word_1_187' title='bbox 777 3334 1006 3411; x_wconf 90' lang='lat' dir='ltr'>Normannia,</span> <span class='ocrx_word' id='word_1_188' title='bbox 1035 3351 1123 3415; x_wconf 89' lang='lat' dir='ltr'>quas</span> <span class='ocrx_word' id='word_1_189' title='bbox 1154 3351 1199 3396; x_wconf 86' lang='lat' dir='ltr'>ex</span> <span class='ocrx_word' id='word_1_190' title='bbox 1229 3331 1323 3396; x_wconf 91' lang='lat' dir='ltr'>douo</span> 
     </span>
     <span class='ocr_line' id='line_1_31' title="bbox 373 3430 1324 3518; baseline 0 -23"><span class='ocrx_word' id='word_1_191' title='bbox 373 3434 466 3514; x_wconf 83' lang='lat' dir='ltr'>regis</span> <span class='ocrx_word' id='word_1_192' title='bbox 483 3434 652 3517; x_wconf 86' lang='lat' dir='ltr'>Stephani</span> <span class='ocrx_word' id='word_1_193' title='bbox 670 3434 881 3518; x_wconf 88' lang='lat' dir='ltr'>possidebat,</span> <span class='ocrx_word' id='word_1_194' title='bbox 903 3441 939 3497; x_wconf 90' lang='lat' dir='ltr'>et</span> <span class='ocrx_word' id='word_1_195' title='bbox 954 3453 1018 3496; x_wconf 82' lang='lat' dir='ltr'>rex</span> <span class='ocrx_word' id='word_1_196' title='bbox 1035 3431 1211 3495; x_wconf 86' lang='lat' dir='ltr'>Henricus</span> <span class='ocrx_word' id='word_1_197' title='bbox 1227 3430 1324 3495; x_wconf 89' lang='lat' dir='ltr'>dedit</span> 
     </span>
    </p>
   </div>
   <div class='ocr_carea' id='block_1_7' title="bbox 373 3531 1321 3617">
    <p class='ocr_par' dir='ltr' id='par_1_8' title="bbox 373 3531 1321 3617">
     <span class='ocr_line' id='line_1_32' title="bbox 373 3531 1321 3617; baseline -0.001 -23"><span class='ocrx_word' id='word_1_198' title='bbox 373 3532 405 3595; x_wconf 90' lang='lat' dir='ltr'>ei</span> <span class='ocrx_word' id='word_1_199' title='bbox 425 3533 588 3616; x_wconf 90' lang='lat' dir='ltr'>quicquid</span> <span class='ocrx_word' id='word_1_200' title='bbox 605 3541 705 3617; x_wconf 89' lang='lat' dir='ltr'>pater</span> <span class='ocrx_word' id='word_1_201' title='bbox 723 3533 799 3617; x_wconf 90' lang='lat' dir='ltr'>ejus</span> <span class='ocrx_word' id='word_1_202' title='bbox 815 3553 875 3596; x_wconf 86' lang='lat' dir='ltr'>rex</span> <span class='ocrx_word' id='word_1_203' title='bbox 893 3532 1092 3615; x_wconf 87' lang='lat' dir='ltr'>Stephanus</span> <span class='ocrx_word' id='word_1_204' title='bbox 1112 3531 1236 3595; x_wconf 90' lang='lat' dir='ltr'>habuit</span> <span class='ocrx_word' id='word_1_205' title='bbox 1252 3531 1321 3608; x_wconf 90' lang='lat' dir='ltr'>die,</span> 
     </span>
    </p>
   </div>
   <div class='ocr_carea' id='block_1_8' title="bbox 322 3752 1323 4238">
    <p class='ocr_par' dir='ltr' id='par_1_9' title="bbox 407 3752 1323 3820">
     <span class='ocr_line' id='line_1_33' title="bbox 407 3752 1323 3820; baseline -0.002 -14"><span class='ocrx_word' id='word_1_206' title='bbox 407 3755 416 3788; x_wconf 95' lang='lat'>¹</span> <span class='ocrx_word' id='word_1_207' title='bbox 430 3757 638 3818; x_wconf 72' lang='lat' dir='ltr'>conmendavit]</span> <span class='ocrx_word' id='word_1_208' title='bbox 658 3759 690 3808; x_wconf 91' lang='lat' dir='ltr'>In</span> <span class='ocrx_word' id='word_1_209' title='bbox 705 3759 756 3808; x_wconf 89' lang='lat' dir='ltr'>this</span> <span class='ocrx_word' id='word_1_210' title='bbox 772 3773 843 3820; x_wconf 48' lang='lat' dir='ltr'>yearv</span> <span class='ocrx_word' id='word_1_211' title='bbox 859 3773 930 3807; x_wconf 87' lang='lat' dir='ltr'>came</span> <span class='ocrx_word' id='word_1_212' title='bbox 948 3758 990 3807; x_wconf 86' lang='lat' dir='ltr'>the</span> <span class='ocrx_word' id='word_1_213' title='bbox 1012 3758 1080 3819; x_wconf 78' lang='lat' dir='ltr'>liege</span> <span class='ocrx_word' id='word_1_214' title='bbox 1101 3752 1160 3805; x_wconf 85' lang='lat' dir='ltr'>man</span> <span class='ocrx_word' id='word_1_215' title='bbox 1176 3755 1206 3804; x_wconf 83' lang='lat' dir='ltr'>of</span> <span class='ocrx_word' id='word_1_216' title='bbox 1222 3757 1323 3817; x_wconf 73' lang='lat' dir='ltr'>fleury,</span> 
     </span>
    </p>

    <p class='ocr_par' dir='ltr' id='par_1_10' title="bbox 371 3827 1323 3890">
     <span class='ocr_line' id='line_1_34' title="bbox 371 3827 1323 3890; baseline -0.002 -14"><span class='ocrx_word' id='word_1_217' title='bbox 371 3828 468 3890; x_wconf 85' lang='lat' dir='ltr'>also,as</span> <span class='ocrx_word' id='word_1_218' title='bbox 477 3829 832 3890; x_wconf 85' lang='lat' dir='ltr'>Parisrecords,diedPrince</span> <span class='ocrx_word' id='word_1_219' title='bbox 857 3829 966 3877; x_wconf 85' lang='lat' dir='ltr'>‘eodem</span> <span class='ocrx_word' id='word_1_220' title='bbox 990 3827 1075 3888; x_wconf 91' lang='lat' dir='ltr'>modo,</span> <span class='ocrx_word' id='word_1_221' title='bbox 1097 3839 1149 3887; x_wconf 87' lang='lat' dir='ltr'>quo</span> <span class='ocrx_word' id='word_1_222' title='bbox 1170 3839 1235 3874; x_wconf 85' lang='lat' dir='ltr'>avus</span> <span class='ocrx_word' id='word_1_223' title='bbox 1259 3841 1323 3876; x_wconf 88' lang='lat' dir='ltr'>suus</span> 
     </span>
    </p>

    <p class='ocr_par' dir='ltr' id='par_1_11' title="bbox 371 3895 1323 3959">
     <span class='ocr_line' id='line_1_35' title="bbox 371 3895 1323 3959; baseline 0 -15"><span class='ocrx_word' id='word_1_224' title='bbox 371 3897 495 3959; x_wconf 89' lang='lat' dir='ltr'>William,</span> <span class='ocrx_word' id='word_1_225' title='bbox 502 3898 584 3947; x_wconf 87' lang='lat' dir='ltr'>eldest</span> <span class='ocrx_word' id='word_1_226' title='bbox 594 3913 640 3946; x_wconf 91' lang='lat' dir='ltr'>son</span> <span class='ocrx_word' id='word_1_227' title='bbox 650 3897 679 3946; x_wconf 81' lang='lat' dir='ltr'>of</span> <span class='ocrx_word' id='word_1_228' title='bbox 689 3898 777 3958; x_wconf 88' lang='lat' dir='ltr'>Henry</span> <span class='ocrx_word' id='word_1_229' title='bbox 790 3897 832 3946; x_wconf 90' lang='lat' dir='ltr'>the</span> <span class='ocrx_word' id='word_1_230' title='bbox 858 3897 941 3946; x_wconf 82' lang='lat' dir='ltr'>fuerat</span> <span class='ocrx_word' id='word_1_231' title='bbox 951 3897 1026 3945; x_wconf 92' lang='lat' dir='ltr'>homo</span> <span class='ocrx_word' id='word_1_232' title='bbox 1037 3896 1130 3945; x_wconf 82' lang='lat' dir='ltr'>veteris</span> <span class='ocrx_word' id='word_1_233' title='bbox 1142 3895 1260 3957; x_wconf 71' lang='lat' dir='ltr'>Bennoi,</span> <span class='ocrx_word' id='word_1_234' title='bbox 1272 3895 1323 3944; x_wconf 84' lang='lat' dir='ltr'>sal·</span> 
     </span>
    </p>

    <p class='ocr_par' dir='ltr' id='par_1_12' title="bbox 370 3964 1323 4028">
     <span class='ocr_line' id='line_1_36' title="bbox 370 3964 1323 4028; baseline -0.003 -14"><span class='ocrx_word' id='word_1_235' title='bbox 370 3967 554 4028; x_wconf 86' lang='lat' dir='ltr'>second,when</span> <span class='ocrx_word' id='word_1_236' title='bbox 565 3968 612 4016; x_wconf 87' lang='lat' dir='ltr'>five</span> <span class='ocrx_word' id='word_1_237' title='bbox 624 3982 699 4028; x_wconf 81' lang='lat' dir='ltr'>years</span> <span class='ocrx_word' id='word_1_238' title='bbox 710 3967 761 4017; x_wconf 94' lang='lat' dir='ltr'>old.</span> <span class='ocrx_word' id='word_1_239' title='bbox 790 3968 832 4016; x_wconf 90' lang='lat' dir='ltr'>He</span> <span class='ocrx_word' id='word_1_240' title='bbox 857 3967 896 4014; x_wconf 87' lang='lat' dir='ltr'>vis</span> <span class='ocrx_word' id='word_1_241' title='bbox 918 3966 1035 4015; x_wconf 87' lang='lat' dir='ltr'>omnibus</span> <span class='ocrx_word' id='word_1_242' title='bbox 1057 3964 1226 4026; x_wconf 77' lang='lat' dir='ltr'>dignitatibus</span> <span class='ocrx_word' id='word_1_243' title='bbox 1248 3964 1323 4013; x_wconf 67' lang='lat' dir='ltr'>suis!</span> 
     </span>
    </p>

    <p class='ocr_par' dir='ltr' id='par_1_13' title="bbox 322 4034 1323 4098">
     <span class='ocr_line' id='line_1_37' title="bbox 322 4034 1323 4098; baseline -0.002 -15"><span class='ocrx_word' id='word_1_244' title='bbox 322 4079 324 4083; x_wconf 80' lang='grc'>,</span> <span class='ocrx_word' id='word_1_245' title='bbox 369 4050 424 4084; x_wconf 88' lang='lat' dir='ltr'>was</span> <span class='ocrx_word' id='word_1_246' title='bbox 435 4037 524 4085; x_wconf 90' lang='lat' dir='ltr'>buried</span> <span class='ocrx_word' id='word_1_247' title='bbox 536 4041 563 4085; x_wconf 86' lang='lat' dir='ltr'>at</span> <span class='ocrx_word' id='word_1_248' title='bbox 574 4037 698 4098; x_wconf 83' lang='lat' dir='ltr'>Reading.</span> <span class='ocrx_word' id='word_1_249' title='bbox 857 4036 899 4085; x_wconf 91' lang='lat' dir='ltr'>On</span> <span class='ocrx_word' id='word_1_250' title='bbox 907 4036 950 4085; x_wconf 86' lang='lat' dir='ltr'>the</span> <span class='ocrx_word' id='word_1_251' title='bbox 958 4034 1111 4097; x_wconf 77' lang='lat' dir='ltr'>meaningof</span> <span class='ocrx_word' id='word_1_252' title='bbox 1118 4034 1323 4095; x_wconf 75' lang='lat' dir='ltr'>thevvord‘dig·</span> 
     </span>
    </p>

    <p class='ocr_par' dir='ltr' id='par_1_14' title="bbox 369 4100 1322 4238">
     <span class='ocr_line' id='line_1_38' title="bbox 404 4100 1322 4173; baseline 0 -21"><span class='ocrx_word' id='word_1_253' title='bbox 404 4101 415 4131; x_wconf 80' lang='lat'>²</span> <span class='ocrx_word' id='word_1_254' title='bbox 425 4107 461 4153; x_wconf 84' lang='lat' dir='ltr'>Et</span> <span class='ocrx_word' id='word_1_255' title='bbox 468 4120 514 4154; x_wconf 82' lang='lat' dir='ltr'>rex</span> <span class='ocrx_word' id='word_1_256' title='bbox 526 4107 652 4155; x_wconf 83' lang='lat' dir='ltr'>Scotorum</span> <span class='ocrx_word' id='word_1_257' title='bbox 663 4100 829 4173; x_wconf 72' lang='lat' dir='ltr'>Modedmaa]</span> <span class='ocrx_word' id='word_1_258' title='bbox 856 4100 930 4154; x_wconf 85' lang='lat' dir='ltr'>nitas&#39;</span> <span class='ocrx_word' id='word_1_259' title='bbox 939 4106 966 4154; x_wconf 91' lang='lat' dir='ltr'>in</span> <span class='ocrx_word' id='word_1_260' title='bbox 974 4105 1024 4155; x_wconf 86' lang='lat' dir='ltr'>this</span> <span class='ocrx_word' id='word_1_261' title='bbox 1032 4119 1142 4166; x_wconf 79' lang='lat' dir='ltr'>passage</span> <span class='ocrx_word' id='word_1_262' title='bbox 1151 4119 1193 4153; x_wconf 90' lang='lat' dir='ltr'>see</span> <span class='ocrx_word' id='word_1_263' title='bbox 1203 4104 1251 4152; x_wconf 91' lang='lat' dir='ltr'>Dr.</span> <span class='ocrx_word' id='word_1_264' title='bbox 1260 4103 1322 4152; x_wconf 85' lang='lat' dir='ltr'>Lin-</span> 
     </span>
     <span class='ocr_line' id='line_1_39' title="bbox 369 4172 1019 4238; baseline 0.006 -18"><span class='ocrx_word' id='word_1_265' title='bbox 369 4172 495 4222; x_wconf 79' lang='lat' dir='ltr'>lloveden</span> <span class='ocrx_word' id='word_1_266' title='bbox 508 4190 577 4238; x_wconf 83' lang='lat' dir='ltr'>says,</span> <span class='ocrx_word' id='word_1_267' title='bbox 588 4176 643 4225; x_wconf 88' lang='lat' dir='ltr'>that</span> <span class='ocrx_word' id='word_1_268' title='bbox 654 4176 776 4226; x_wconf 85' lang='lat' dir='ltr'>Malcolm</span> <span class='ocrx_word' id='word_1_269' title='bbox 788 4175 831 4223; x_wconf 86' lang='lat' dir='ltr'>be-</span> <span class='ocrx_word' id='word_1_270' title='bbox 856 4175 941 4236; x_wconf 78' lang='lat' dir='ltr'>gard’s</span> <span class='ocrx_word' id='word_1_271' title='bbox 952 4180 1019 4224; x_wconf 88' lang='lat' dir='ltr'>note.</span> 
     </span>
    </p>
   </div>
   <div class='ocr_carea' id='block_1_9' title="bbox 0 0 1414 4882">
    <p class='ocr_par' dir='ltr' id='par_1_15' title="bbox 0 0 1414 4882">
     <span class='ocr_line' id='line_1_40' title="bbox 0 0 1414 4882; baseline 0 2"><span class='ocrx_word' id='word_1_272' title='bbox 0 0 1414 4882; x_wconf 95' lang='lat' dir='ltr'> </span> 
     </span>
    </p>
   </div>
  </div>
 </body>
</html>
