2820 4882
420 411 560 460 rnonns
583 413 854 462 ursronrnnuu.
1066 402 1108 464 51

162 567 276 632 nabat.
311 568 482 646 Tandem,
492 570 671 654 aliquanto
687 578 840 654 ternpore
851 571 982 654 elapso,
995 573 1108 655 priore

162 666 339 748 Egelwino
357 669 530 748 defuncto,
545 670 730 735 Wlstanus
746 673 840 754 prior
855 680 891 736 et
910 680 1010 754 pater
1024 692 1107 737 con-

158 769 370 848 gregationis
383 769 528 835 efficitur
542 772 585 835 ab
600 773 762 854 episcopo
777 772 930 855 ejusdem
955 771 1022 836 loci
1041 771 1106 836 Al-

157 865 262 931 diedo
275 889 284 947 3
313 869 405 950 quod
429 869 577 934 officium
592 872 648 953 pie
663 879 698 935 et
712 871 931 935 laudabiliter
947 871 1106 953 implens,

155 967 280 1049 prioris
303 970 576 1032 conversationis
598 971 836 1034 austeritatem
858 990 927 1034 non
955 971 1107 1051 reliquit,

155 1065 227 1143 sed,
237 1074 279 1131 ut
291 1069 427 1131 caeteris
441 1069 635 1151 exemplum
649 1070 827 1151 religionis
841 1071 1021 1152 praeberet,
1031 1088 1106 1134 eam

156 1167 397 1249 multiplieiter
420 1169 610 1250 ampliavit.
657 1169 829 1233 Processu
859 1189 997 1251 quoque
1019 1177 1104 1233 tem-

155 1267 263 1348 poris,
288 1267 399 1331 electo
423 1268 466 1331 ad
490 1268 824 1351 archiepiscopatum
852 1269 1105 1337 Eboracemsem

156 1365 312 1430 Aldredo
330 1367 485 1449 ejusdem
509 1368 664 1431 ecclesiae
685 1370 859 1451 episcopo,
876 1368 915 1432 fit
932 1370 1105 1432 unanimis

156 1483 347 1530 consensus
372 1473 444 1530 tam
470 1467 553 1531 cleri
576 1487 680 1549 quam
705 1469 813 1531 totius
835 1468 946 1550 plebis
971 1470 1007 1530 in
1030 1470 1105 1551 ejus

156 1565 338 1643 electione,
354 1585 435 1648 rege
449 1568 591 1648 insuper
605 1576 792 1643 annuente,
807 1575 847 1631 ut
860 1587 961 1649 quem
977 1568 1105 1632 vellent

157 1666 221 1728 sibi
248 1665 419 1746 eligerent
440 1667 621 1748 praesulem
647 1674 682 1730 et
706 1669 897 1730 animarum
919 1675 1104 1749 pastorem.

159 1765 318 1846 Contigit
335 1772 450 1829 autem
468 1766 571 1849 hujus
588 1767 766 1830 electionis
785 1774 951 1848 tempore,
969 1767 1104 1848 legatos

158 1865 465 1947 sedisapostolicae
480 1866 639 1930 electioni
653 1866 831 1943 interesse,
846 1867 999 1949 quicum
1014 1886 1107 1930 sum-

158 1984 296 2047 mopere
319 1965 395 2048 ejus
412 1965 613 2030 electionem
635 1966 839 2030 confirmare
859 1973 1107 2048 praeoptantes,

159 2064 358 2129 Wlstanum
382 2065 529 2129 electum
551 2084 620 2129 non
639 2066 857 2130 mediocriter
870 2065 1106 2143 offenderunt3

159 2183 237 2228 nam
259 2164 531 2228 obstinatissime
545 2164 704 2229 electioni
725 2166 829 2230 sactae
850 2165 1013 2240 renitens,
1028 2183 1106 2227 cum

157 2263 355 2346 juramento
380 2263 575 2341 affirmavit,
599 2285 637 2328 se
668 2266 777 2329 multo
808 2264 970 2328 libentius
991 2263 1107 2328 decol-

162 2363 283 2428 lationi
298 2365 521 2429 succumbere
535 2364 636 2440 velle,
653 2384 756 2446 quam
776 2372 848 2428 tam
864 2363 945 2427 altae
967 2363 1106 2428 ordina·

162 2464 245 2528 tioni
260 2471 296 2527 et
305 2463 467 2544 dignitati
481 2465 673 2527 consentire
685 2485 695 2542 3
712 2483 858 2546 cumque
868 2483 962 2544 saepe
973 2464 1026 2526 vir
1040 2464 1107 2527 Dei

163 2563 346 2628 Wlstanus
364 2582 385 2625 a
399 2563 555 2644 pluribus
571 2563 657 2626 viris
681 2564 852 2644 religiosis
874 2570 909 2626 et
926 2565 1107 2626 venerabi-

163 2663 251 2727 libus
269 2663 440 2745 personis,
454 2662 652 2744 frequenter
667 2682 772 2744 super
789 2663 841 2725 his
858 2671 1049 2726 conventus
1063 2663 1107 2726 ad

164 2782 367 2827 consensum
392 2762 591 2844 persuaderi
616 2782 686 2825 non
713 2763 894 2845 potuisset,
919 2762 1059 2827 tandem
1086 2782 1108 2826 a

164 2864 236 2927 viro
248 2863 318 2927 Dei
324 2862 437 2926 Wlsio
445 2863 591 2939 incluso,
603 2863 663 2944 qui
676 2869 758 2926 tunc
767 2862 949 2944 plusquam
960 2862 1109 2943 quadra-

164 2964 260 3044 ginta
282 2962 382 3024 annis
396 2962 588 3025 solitariam
613 2971 734 3043 egerat
754 2962 874 3038 vitam,
897 2962 1023 3025 acriter
1045 2981 1107 3043 pro

162 3062 395 3126 inobedientia
416 3063 613 3144 increpatus
639 3068 674 3125 et
696 3061 836 3124 oraculo
861 3061 979 3125 divino
1008 3063 1107 3124 terri·

161 3162 276 3226 biliter
305 3161 516 3239 admonitus,
549 3181 626 3226 cnm
662 3162 814 3224 maximo
845 3160 958 3225 cordis
991 3159 1108 3223 dolore

162 3261 359 3344 compulsus
383 3268 437 3325 est
459 3262 664 3337 consentire,
688 3268 793 3341 atque
819 3262 855 3324 in
879 3259 933 3323 die
959 3259 1110 3322 decolla-

161 3362 267 3426 tionis
293 3361 388 3425 beati
402 3360 575 3424 ‚lobannis
598 3360 770 3442 Baptistae
793 3360 960 3424 electione
983 3357 1108 3422 confir·

161 3469 268 3538 mata,
285 3462 322 3524 in
336 3460 393 3523 die
408 3461 601 3524 nativitatis
624 3460 736 3523 beatae
750 3461 871 3524 matris
885 3459 953 3523 Dei
975 3457 1109 3539 episco-

161 3581 225 3644 pus
242 3568 467 3625 consecratur
480 3560 746 3642 Wigorniensis,
763 3560 838 3623 vita
863 3559 1050 3641 praeclarus
1073 3565 1110 3622 et

161 3661 305 3737 meritis,
334 3660 378 3724 ab
411 3657 565 3724 Aldredo
604 3660 814 3723 Eboracensi
851 3657 1109 3739 archiepiscopo

161 3759 380 3839 venerand03
414 3768 488 3825 erat
510 3767 627 3824 autem
658 3779 699 3822 eo
724 3766 878 3840 tempore
908 3757 1109 3838 Stigandus,

162 3861 424 3926 Cantuariensis
458 3860 748 3941 archiepiscopus,
781 3876 969 3940 suspensus
1000 3876 1021 3920 a
1048 3856 1109 3949 dp-

161 3962 254 4026 mino
285 3979 378 4042 papa
405 3967 547 4041 propter
568 3958 695 4022 multas
722 3976 809 4039 quas
837 3955 967 4020 fecerat
994 3964 1109 4020 trans·

161 4061 370 4144 gressiones,
401 4060 490 4123 sicut
519 4059 602 4123 alibi
633 4058 763 4121 dictum
791 4064 864 4136 est3
898 4056 958 4120 sed
992 4063 1108 4120 tamen

160 4159 409 4244 professionem
434 4158 516 4223 fecit
538 4157 692 4222 eeclesiae
709 4155 951 4222 cantuariensi
971 4162 1006 4220 et
1032 4156 1107 4240 ejus

942 4281 989 4325 ΕΞ

1121 589 1176 629 Aoo·
1188 590 1243 628 lm!

1122 640 1169 678 Lite
1177 639 1200 678 ol

1121 689 1226 729 Wulstu.
