2820 4882
367 396 503 446 einans
526 397 797 448 msronmauu.
994 381 1060 447 379

107 558 303 623 fretandnm
324 558 360 623 in
382 551 561 642 Angliam,
584 566 625 623 ut
646 579 722 623 eam
746 557 963 643 subjugaret,
987 561 1194 625 dis-annu.

107 659 232 741 sipatis
248 661 389 742 penitus
409 667 445 724 et
466 659 538 725 fere
555 659 756 738 submersis,
777 666 919 724 coactus
938 667 993 724 est
1013 661 1058 726 ad

107 756 262 824 Galliam
277 760 399 824 redire.

245 932 297 997 De
311 930 451 1017 captione
473 929 636 1009 Willelmi,
651 930 732 1018 repis
749 931 923 998 Sauum.

157 1053 214 1119 De
231 1055 392 1137 captione
408 1055 501 1138 regis
523 1055 717 1134 Scotorum,
735 1062 774 1120 ut
793 1057 945 1121 breviter
964 1056 1057 1121 dica·
1069 1070 1193 1170 &ffior

106 1160 184 1235 tur;
215 1155 309 1218 Dum
336 1154 693 1220 Northanbnmbriam
714 1155 872 1234 intraret,
901 1157 992 1220 sicut
1022 1157 1056 1219 in
1069 1171 1168 1261 {353⁶

107 1273 201 1317 anno
220 1255 411 1339 praeterito,
428 1261 468 1319 ut
489 1274 565 1319 eam
584 1255 788 1338 subjugaret
808 1262 844 1319 et
862 1274 927 1319 suo
949 1276 1058 1338 regno
1168 1247 1174 1258 ’

106 1352 279 1418 hostiliter
300 1353 491 1437 copularet,
509 1361 732 1418 occurrerunt
750 1354 784 1417 ei
804 1362 985 1438 magnates
1006 1376 1059 1420 re-

107 1452 233 1534 gionis,
251 1459 299 1530 et,
316 1454 499 1518 commisso
516 1453 702 1535 campestri
722 1452 854 1535 praelio,
871 1454 985 1536 ipsum
1002 1475 1058 1520 ce-

106 1560 234 1634 perunt
262 1560 298 1616 et
328 1553 476 1617 vinculis
511 1552 716 1617 arctioribus
747 1554 1056 1635 constrinxerunt3

106 1649 150 1714 de
165 1650 318 1716 formicis
333 1658 449 1716 autem
465 1651 613 1716 Scoticis
628 1658 681 1719 tot
697 1651 889 1718 interfecta
902 1653 1057 1718 referun-

106 1757 176 1828 tur,
194 1750 287 1833 quod
305 1771 485 1815 nnmerum
502 1770 638 1815 omnem
658 1751 824 1816 excedere
843 1751 1057 1818 dicebantur.

107 1849 207 1932 Rege
232 1871 315 1916 vero
341 1850 434 1933 apud
457 1850 667 1915 Richemunt
691 1850 871 1916 castellnm
893 1853 1059 1916 carcerali

105 1949 274 2014 eustodiae
290 1948 468 2033 deputato,
488 1949 632 2032 impleta
646 1949 784 2015 videtur
801 1943 961 2014 ¹Merlini
976 1971 1056 2033 pro-

104 2049 225 2132 phetia
246 2050 404 2127 dicentis,
426 2050 602 2113 ‘Dabitur
622 2050 774 2114 maxillis
799 2049 876 2134 ejus
897 2049 1056 2130 fraenum,

105 2149 199 2231 quod
218 2149 256 2213 in
272 2148 455 2213 Armorico
473 2148 551 2213 sinu
573 2148 799 2213 fabricabitur
809 2149 830 2229 ;’
853 2150 967 2214 sinum
987 2148 1056 2214 Ar-

103 2249 271 2312 moricum
288 2267 417 2315 vocans
433 2248 614 2312 castellum
631 2247 674 2312 de
690 2248 913 2326 Richemunt,
929 2251 973 2313 ab
989 2249 1058 2314 Ar·

105 2348 243 2412 moricis
268 2349 482 2431 principibus
504 2353 540 2411 et
563 2355 647 2412 tunc
675 2349 719 2412 ab
742 2349 894 2430 antiquis
920 2356 1055 2432 tempo·

64 2458 65 2462 ’
103 2447 199 2520 ribus
219 2447 438 2512 haereditario
446 2447 527 2531 jure
541 2466 752 2529 possessum.
798 2447 849 2512 Ut
863 2454 979 2512 autem
994 2469 1054 2514 ve·
1065 2459 1186 2559 iffi?

102 2547 230 2611 raciter
253 2548 527 2630 perstringamus
553 2547 732 2625 beneficia,
757 2567 835 2630 quae
857 2548 932 2630 regi
954 2547 1169 2613 Heu-ruam.

102 2647 174 2711 rico
198 2647 296 2711 Deus
326 2653 406 2730 post
434 2645 718 2724 satisfactionem,
741 2666 844 2729 quam
866 2648 933 2711 sibi
954 2649 1053 2712 exhi·

102 2747 180 2810 buit
196 2753 232 2810 et
246 2748 350 2811 beato
366 2746 521 2830 martyri,
540 2746 607 2829 [et]
622 2766 685 2829 per
701 2746 855 2830 ejusdem
872 2749 984 2812 sancti
1001 2749 1053 2812 in·

102 2845 344 2911 tercessionem
360 2846 397 2908 in
414 2845 561 2910 articulo
575 2846 741 2929 temporis
757 2847 934 2929 praestitit,
950 2847 1052 2912 intel·

101 2945 250 3027 ligamus
265 2965 308 3010 ea
324 2964 402 3026 quae
419 2952 624 3028 sequuntur.
664 2939 764 3008 ²Rex
787 2953 903 3009 autem
923 2944 1052 3010 Henri·

101 3063 175 3120 cns,
186 3044 279 3109 votis
295 3045 490 3108 orationum
507 3045 701 3127 completio,
715 3063 737 3107 a
753 3043 1052 3109 Londoniensibus

102 3152 285 3227 susceptus
318 3151 371 3208 est
404 3151 626 3224 reverenter3
663 3143 744 3209 inde
771 3142 815 3206 ad
844 3141 1053 3207 Huntendo-

100 3263 182 3307 nam
202 3243 426 3327 progrediens
446 3243 627 3308 castellum
645 3241 780 3306 obsedit
795 3248 831 3305 et
851 3238 1054 3324 subjugavit

101 3342 236 3407 decimo
255 3350 379 3426 quarto
398 3342 566 3407 kalendas
581 3340 748 3424 Augusti,
770 3340 831 3404 nbi
848 3340 976 3405 milites
993 3361 1051 3406 co-

101 3443 196 3507 mitis
219 3442 448 3524 Legecestriae
469 3441 512 3505 ad
534 3461 651 3525 regem
669 3441 871 3505 accedentes
892 3440 1051 3506 reddide-

101 3548 184 3606 runt
211 3542 354 3606 castella
384 3540 428 3604 de
458 3540 569 3606 Grobi
594 3547 630 3605 et
660 3540 882 3617 Muntsorell,
908 3546 948 3603 ut
972 3560 1051 3605 cum

101 3641 240 3705 domino
257 3660 321 3704 suo
337 3639 454 3704 mitius
472 3660 510 3704 se
529 3641 682 3704 haberet.
716 3639 906 3704 Undecimo
929 3638 1050 3703 kalen·

100 3741 163 3804 das
186 3738 352 3821 Augusti,
376 3759 536 3823 proceres
560 3739 749 3818 NorenseS,
774 3740 895 3803 ducem
920 3738 1050 3803 baben·

100 3846 153 3904 tes
170 3839 318 3903 electum
340 3839 627 3917 Liucolniensem,
643 3837 913 3921 regisvidelicet
929 3837 1050 3916 filium,

103 3939 303 4015 Malessart,
328 3938 510 4003 castellum
533 3938 664 4020 Rogeri
691 3938 734 4002 de
758 3938 944 4015 Molbraio,
966 3936 1049 4001 viri-

137 4111 285 4234 ¹2Merliai1
303 4115 351 4164 See
369 4116 458 4179 above,
476 4115 527 4164 vol.
545 4114 563 4164 i.
618 4109 696 4231 ἰξατο
704 4117 784 4162 autea
792 4111 937 4179 Hearicaa]
949 4113 1052 4176 Dicetc,

100 4201 127 4247 p.
156 4191 181 4236 5.
588 4198 635 4234 co.
697 4218 704 4232 .
