2820 4882
308 398 374 462 282
565 413 698 461 noennr
724 416 770 461 nn
794 415 1000 463 wasnovnn

147 588 202 626 nn.
214 587 270 625 11⁵⁵.
310 590 402 653 papa
419 571 494 652 regi
513 576 693 653 gratanter
709 591 865 635 annuens
888 571 952 635 hoc
976 590 1125 653 sequens
1141 571 1173 635 ei
1188 572 1261 653 pri·

147 787 226 826 Adrlnn
235 792 257 827 to

145 837 183 875 tire
192 837 252 885 king,

310 669 475 751 vilegium
489 670 698 748 destinavit3

360 763 578 833 ‘Adrianus¹
613 770 809 850 episcopus,
831 787 954 832 servus
976 788 1156 832 servorum
1180 768 1261 844 Dei,

146 887 272 936 conamina
309 868 487 931 carissimo
509 869 544 930 in
571 868 710 932 Christo
733 868 818 943 filio,
839 865 968 931 illustri
987 865 1183 947 Anglornm
1206 887 1261 930 re-

148 936 238 976 lrelund.

309 968 356 1046 gi,
374 967 522 1030 salutem
539 975 574 1031 et
591 966 817 1049 apostolicam
841 967 1124 1031 benedictionem.
1165 966 1259 1029 Lau-

309 1065 472 1129 dabiliter
501 1073 536 1129 et
567 1067 653 1142 satis
684 1066 860 1129 fructuose
893 1067 935 1128 de
965 1065 1118 1148 glorioso
1149 1065 1261 1129 nomi-

309 1184 353 1227 ne
376 1172 437 1228 tuo
460 1164 685 1247 propagando
712 1165 748 1227 in
774 1164 889 1243 terris,
917 1172 953 1229 et
979 1172 1121 1227 aeternae
1149 1163 1260 1227 felici·

310 1263 393 1326 tatis
421 1265 564 1346 praemio
591 1263 798 1327 cumulando
822 1264 858 1326 in
882 1263 990 1341 caeliS,
1014 1277 1077 1327 tua
1102 1264 1260 1344 magnifi-

308 1364 422 1426 centia
452 1363 595 1444 cogitat,
617 1363 700 1425 dnm
723 1363 768 1425 ad
791 1363 988 1427 dilatandos
1011 1362 1166 1426 ecclesiae
1189 1368 1260 1425 ter-

308 1462 431 1538 minos,
448 1462 492 1524 ad
511 1461 753 1525 declarandum
771 1462 921 1526 indoctis
936 1470 972 1525 et
989 1462 1132 1524 rudibus
1147 1480 1260 1543 popu-

307 1560 350 1623 lis
371 1559 578 1624 Christianae
598 1561 678 1624 fidei
702 1562 895 1636 veritatem,
918 1570 953 1626 et
975 1562 1137 1624 vitiorum
1158 1561 1259 1641 plan·

308 1661 398 1723 teria
423 1660 465 1723 de
493 1679 579 1741 agro
610 1661 794 1724 Dominico
817 1660 1055 1742 exstirpanda,
1083 1661 1175 1723 sicut
1197 1679 1258 1723 ca·

309 1759 456 1822 tbolicus
481 1761 642 1841 princeps
666 1759 828 1836 intendis,
854 1766 888 1823 et
915 1759 959 1823 ad
985 1759 1020 1822 id
1046 1759 1258 1823 convenien-

308 1858 377 1922 tius
394 1859 651 1941 exsequendum
668 1858 847 1922 consilium
862 1858 954 1922 sedis
972 1859 1174 1941 apostolicae
1192 1879 1256 1921 cx·

309 1959 376 2039 igis
394 1965 430 2021 et
446 1958 619 2036 favorcm3
643 1959 679 2021 in
696 1977 765 2040 quo
779 1957 873 2022 facto
890 1965 1022 2040 quanto
1041 1958 1157 2021 altiori
1173 1976 1257 2021 con·

308 2058 386 2121 silio
408 2065 443 2120 et
464 2057 587 2141 majori
610 2058 815 2121 discretione
839 2057 1008 2139 procedis
1030 2065 1130 2120 tanto
1152 2057 1189 2118 in
1214 2077 1256 2120 co

308 2155 496 2220 feliciorem
512 2175 732 2239 progressum
749 2165 796 2234 te,
812 2162 958 2239 parante
974 2157 1137 2233 Domino,
1148 2157 1256 2219 confi·

309 2255 422 2320 dimus
450 2243 668 2321 habiturum,
709 2256 921 2337 significasti
944 2256 1114 2338 siquidem
1142 2256 1257 2332 nobis,

309 2355 357 2416 fili
375 2356 411 2418 in
427 2355 567 2419 Christo
583 2356 772 2432 carissime,
787 2363 822 2419 te
839 2355 1018 2419 Hiberniae
1032 2355 1196 2431 insulam,
1212 2355 1256 2418 ad

282 2538 285 2544 Ι
307 2454 518 2518 subdendum
542 2456 708 2537 populum
732 2456 867 2535 legibus
891 2453 1097 2518 Christianis
1121 2461 1158 2517 et
1175 2455 1256 2518 viti·

307 2573 405 2616 orum
419 2553 498 2617 inde
509 2547 521 2584 ²
526 2555 699 2636 plantaria
711 2554 949 2636 exstirpanda,
964 2554 1052 2617 velle
1062 2555 1206 2630 intrare,
1220 2562 1256 2618 ct

307 2653 349 2716 de
367 2653 513 2734 singulis
537 2654 694 2717 domibus
712 2673 860 2717 annuam
878 2655 979 2716 unius
1002 2653 1134 2716 denarii
1150 2653 1255 2716 beato

308 2752 414 2816 Petro
439 2753 528 2823 velle
552 2754 687 2817 solvere
716 2754 927 2836 pensionem,
950 2760 985 2816 et
1006 2752 1090 2835 jura
1113 2753 1255 2816 ecclesi-

307 2870 403 2914 arum
424 2853 517 2915 illius
535 2859 636 2916 terrae
659 2852 794 2915 illibata
815 2858 851 2916 et
869 2854 1007 2933 integra
1025 2871 1255 2931 conservare;

308 2969 370 3014 nos
386 2958 501 3015 autem
517 2952 613 3033 pium
628 2961 663 3017 et
679 2952 853 3016 laudabile
867 2951 1072 3016 desiderium
1089 2958 1188 3015 tunm
1205 2951 1255 3014 fa·

306 3070 390 3115 vore
407 3070 561 3132 congruo
581 3057 841 3134 prosequentes,
863 3059 899 3115 et
921 3050 1080 3134 petitioni
1103 3056 1175 3114 tuae
1194 3052 1255 3114 be-

307 3149 449 3231 nignum
465 3150 700 3232 impendentes
714 3169 909 3228 assensum,
925 3156 1063 3232 gratum
1081 3157 1116 3214 et
1131 3169 1255 3233 accep-

306 3257 379 3313 tum
402 3249 581 3327 habemus,
601 3259 641 3315 ut
664 3270 728 3333 pro
749 3251 936 3315 dilatandis
959 3249 1114 3312 ecclesiae
1136 3250 1254 3314 termi-

306 3350 372 3425 nis,
387 3369 450 3430 pro
467 3349 630 3414 vitiorum
651 3349 891 3430 restringendo
912 3349 1082 3425 discursu,
1095 3368 1159 3430 pro
1176 3368 1254 3412 cor—

304 3448 458 3529 rigendis
486 3449 639 3531 moribus
670 3457 706 3513 et
732 3449 920 3513 virtutibus
950 3447 1154 3525 inserendis»,
1187 3467 1254 3529 pro

306 3546 515 3611 Christianae
548 3548 725 3629 religionis
754 3554 952 3628 augmento,
979 3547 1130 3610 insulam
1155 3547 1254 3610 illam

304 3647 508 3728 ingrediaris
531 3654 666 3730 atquae
689 3646 734 3710 ad
760 3647 924 3711 honorem
947 3646 1016 3710 Dei
1042 3654 1077 3710 et
1103 3646 1253 3710 salutem

303 3746 397 3810 illius
414 3753 516 3810 terrae
531 3747 766 3829 spectaverint
784 3744 998 3828 exsequaris
1017 3754 1053 3810 ct
1068 3745 1163 3808 illius
1183 3754 1254 3809 ter-

302 3866 352 3909 rae
373 3847 524 3928 populus
548 3852 583 3908 te
605 3846 749 3927 recipiat
774 3852 810 3909 et
835 3848 925 3909 sicut
944 3845 1119 3908 dominum
1147 3864 1253 3909 vene-

302 3953 409 4021 retur,
421 3945 501 4028 jure
516 3943 739 4009 ecclesiarum
756 3945 891 4008 illibato
906 3951 942 4008 et
961 3945 1098 4024 integro
1113 3964 1253 4024 perma-

338 4095 502 4160 ¹Adriunur.]
520 4098 644 4157 Compare
660 4097 764 4158 Rymrr,
812 4093 1150 4158 lpuntariaexuirpaaaaq
1161 4096 1255 4144 ‘Plan-

301 4167 423 4300 11.Ιὲ)91ξ;
448 4169 539 4248 liaron.
560 4167 653 4215 Annal.
671 4167 705 4215 ad
721 4181 763 4215 an.
788 4167 860 4218 tarlis
871 4160 1050 4227 exstirpandis’
1061 4166 1088 4213 in
1100 4165 1158 4215 MS.

369 4270 376 4297 ,
410 4251 464 4286 xxi.
