2820 4882
365 397 430 462 186
621 414 752 462 uocum
776 414 823 461 nn
847 414 1053 462 wannovun

204 582 326 623 A-D11109·
364 570 431 634 fuit
447 570 554 633 abhas
572 569 608 633 in
628 568 753 645 insula,
770 577 806 634 et
822 570 989 633 comitatu
1005 568 1047 633 de
1066 567 1312 648 Cantabregge

365 671 527 752 episcopo
544 669 778 732 Lincolniensi
800 671 990 746 subtracto,
1007 669 1088 732 huic
1110 687 1203 732 novo
1225 685 1312 748 pon·

365 770 450 835 tilici
466 769 542 850 lege
558 769 743 833 diocesana
754 769 936 853 subjicitur
952 770 1149 832 comitatus,
1182 766 1313 830 Eodem

363 877 517 951 tempore
543 870 580 932 in
607 869 772 950 parochia
803 869 966 949 chiensi
992 887 1099 951 porca
1123 865 1313 951 porcellum

363 971 468 1032 enixa
498 976 551 1032 cst
581 967 704 1032 faciem
731 968 879 1032 hominis
906 968 1102 1046 habentem,
1129 975 1165 1032 et
1196 965 1312 1049 pullus

363 1069 503 1149 gallinae
520 1068 718 1150 quadrupes
734 1075 836 1132 natus
854 1075 919 1133 est.

446 1240 535 1319 Quod
553 1240 757 1305 Boomusndua
776 1249 893 1304 terram
909 1238 1018 1305 Alesic'
1034 1238 1233 1324 imperatoris

728 1339 942 1427 depopulatur.

200 1476 328 1568 {galga
414 1456 532 1526 Circa¹
544 1463 607 1529 hos
624 1464 770 1562 denique
785 1465 858 1528 dies
874 1463 1111 1540 BoamunduS,
1122 1462 1311 1528 Antioche-

201 1578 273 1617 monr.
363 1581 490 1631 norum¹
503 1565 675 1647 princeps,
692 1584 822 1628 memor
837 1563 1041 1647 injuriarum
1057 1583 1145 1644 quas
1161 1561 1311 1627 Alexius

362 1661 561 1744 imperator,
585 1664 639 1727 vir
660 1664 857 1728 maliciosus
882 1671 918 1728 et
939 1682 1100 1745 nequam,
1119 1664 1311 1744 peregrinis

364 1759 643 1844 Hierosolymam
659 1764 808 1828 transire
823 1763 1020 1827 volentibus
1042 1763 1117 1826 sine
1135 1763 1309 1827 intermis-

363 1860 458 1924 sione
484 1861 672 1944 irrogabat,
699 1882 914 1928 communem
936 1862 1056 1926 volens
1078 1862 1199 1927 ulcisci
1224 1880 1308 1945 que·

363 1961 556 2038 simoniam,
584 1963 739 2045 equitum
768 1963 920 2044 quinque
947 1961 1057 2024 millia
1087 1968 1123 2025 et
1154 1962 1308 2043 peditum

361 2059 593 2141 quadraginta
616 2062 724 2127 millia
737 2063 890 2127 virorum
907 2059 1050 2126 sortium
1069 2062 1309 2141 congregavit,

361 2166 398 2222 et
422 2166 548 2224 terram
574 2161 657 2226 dicti
678 2161 897 2244 imperatoris
926 2160 1100 2225 hostiliter
1130 2161 1308 2242 ingressus

360 2259 541 2324 universas
567 2280 666 2342 paene
689 2261 879 2325 maritimas
904 2261 1008 2323 urbes
1026 2260 1063 2322 in
1081 2260 1308 2342 direptionem

360 2358 467 2435 dedit,
492 2378 695 2444 omnemque
723 2360 867 2443 Epirum
898 2359 1127 2442 depopulatus
1151 2367 1207 2424 est
1235 2369 1306 2425 tam

359 2458 505 2538 primam
523 2478 628 2540 quam
655 2460 861 2539 secundam;
884 2467 920 2523 et
934 2458 1074 2524 tandem
1091 2459 1306 2524 Durachium

359 2556 534 2634 obsidens,
554 2557 652 2641 Epiri
666 2560 785 2642 primae
801 2560 1031 2642 metropolim,
1047 2559 1224 2640 regionem
1241 2580 1305 2623 un·

359 2654 463 2738 dique
490 2657 657 2722 incendiis
687 2660 904 2741 consumpsit
940 2665 976 2722 et
1007 2657 1150 2740 rapinis.
1200 2659 1305 2738 Quod

359 2755 503 2819 audiens
536 2757 724 2840 imperator
745 2779 824 2822 cum
854 2759 987 2838 ingenti
1009 2758 1133 2822 militia
1166 2759 1202 2821 in
1224 2779 1305 2822 suc·

359 2874 497 2918 cursum
519 2857 637 2936 venit3
662 2857 735 2934 sed,
757 2857 1067 2921 intervenientibus
1089 2857 1221 2935 amiciet,
1240 2859 1305 2921 im-

359 2962 498 3035 perator
514 2955 628 3020 foedus
645 2957 722 3021 iniit
739 2976 817 3020 cum
833 2973 888 3033 eo,
902 2955 1114 3039 interpositis
1127 2958 1304 3040 juramen·

359 3053 417 3130 tis,
432 3054 524 3136 quod
535 3056 628 3120 ultra
639 3056 771 3120 Christi
786 3055 943 3119 fidelibus
958 3056 994 3118 in
1008 3056 1174 3119 orientem
1186 3065 1302 3121 trans·

359 3153 409 3215 ire
441 3154 637 3219 volentibus
679 3156 754 3219 sine
795 3155 916 3218 fraude
946 3155 1129 3218 consilium
1161 3155 1205 3219 ad
1236 3157 1303 3220 iter

358 3254 591 3334 peragendum
609 3262 645 3319 et
666 3255 834 3319 auxilium
857 3255 1082 3332 ministraret,
1098 3263 1146 3331 et,
1168 3257 1219 3319 sic
1236 3256 1302 3320 foe·

358 3350 439 3415 dere
466 3354 682 3430 confirmato,
707 3354 797 3417 idem
827 3354 1051 3418 Boamundus
1078 3355 1115 3417 in
1136 3354 1302 3436 Apuliam

356 3451 546 3529 descendit,
576 3453 802 3517 familiaribus
832 3453 981 3534 negotiis
1013 3461 1187 3518 evocatus.
1242 3455 1303 3519 Se*

356 3558 484 3632 quente
505 3572 585 3615 vero
608 3559 731 3616 aestate
753 3553 834 3615 dum
850 3552 1073 3617 Antiochiam
1095 3553 1207 3616 redire
1229 3554 1300 3618 dis-

355 3659 510 3730 poneret,
525 3651 633 3733 copiis
656 3653 862 3716 militaribus
881 3651 1034 3733 undique
1056 3651 1222 3729 collectis
1238 3673 1301 3718 va·

354 3748 425 3812 lida
451 3751 657 3831 aegritudine
683 3760 861 3834 correptus
882 3751 918 3813 in
936 3750 1011 3815 fata
1030 3753 1222 3830 concessit;
1246 3773 1300 3817 re·

353 3847 436 3912 licto
455 3850 538 3926 filio,
554 3851 693 3913 nomine
709 3851 926 3927 Boamundo,
944 3868 1046 3932 quem
1063 3871 1107 3913 ex
1126 3849 1300 3915 Constan-

389 4045 397 4077 ¹
410 4048 484 4097 Circo
492 4050 550 4099 bos.
563 4085 569 4099 .
585 4085 590 4099 .
603 4050 677 4112 dim]
687 4049 825 4149 Compare}
838 4063 906 4109 upon
917 4023 961 4096 the
980 4048 1024 4096 eth
1035 4047 1064 4096 ol
1071 4047 1192 4109 October,
1203 4065 1230 4110 p.
1241 4054 1300 4110 798,

352 4116 463 4165 William
480 4119 509 4167 of
523 4121 599 4181 Tyra,
610 4120 668 4167 who
686 4130 746 4180 says
759 4118 813 4167 that
838 4118 901 4166 with
913 4118 1025 4174 Gibbon,
1037 4118 1086 4168 vol.
1097 4117 1134 4167 xi.
1146 4133 1171 4179 p.
1184 4123 1226 4169 99.

351 4186 393 4235 the
414 4188 559 4247 expedition
577 4204 631 4238 was
654 4170 827 4240 commencedi
