2820 4882
297 429 363 495 294
554 440 689 489 nocant
712 441 759 489 nn
782 440 991 489 wnnoovnu

140 624 196 665 nu.
207 624 263 664 11⁶2.
301 597 495 665 coenobium
509 595 603 663 beati
618 594 747 659 Albani
763 596 1029 678 protomartyris
1044 593 1255 676 Anglorum,

303 698 460 765 Roberto
484 695 526 760 de
553 695 741 759 Chaisneto
771 695 933 778 episcopo
958 703 1096 777 agente,
1118 702 1154 762 et
1180 695 1255 759 Ro·

302 800 401 861 berto
417 795 460 859 de
476 794 643 872 Gorham,
668 795 793 860 abbate
815 793 858 858 de
883 801 1007 859 sancto
1021 793 1173 870 Albano,
1195 794 1273 857 de-¹

303 896 477 973 tendente,
503 895 540 958 in
568 894 752 978 praesentia
773 894 865 975 regis
889 893 1036 958 Henrici
1056 892 1198 960 secundi
1219 901 1257 957 et

305 994 654 1077 archiepiscoporum,
671 992 816 1056 Thomae
844 992 1105 1057 cantuariensis
1125 999 1160 1056 et
1183 991 1258 1055 Ro-

306 1095 380 1177 geri
403 1093 644 1169 Eboracensis,
670 1097 705 1155 et
722 1092 974 1174 episcoporum,
997 1090 1142 1155 Henrici
1158 1090 1259 1154 Win-

307 1193 487 1270 toniensis,
503 1191 672 1258 Willolmi
695 1189 944 1267 Norwicensis,
968 1189 991 1254 J
994 1191 1118 1255 ocelini
1138 1189 1260 1254 Saros·

308 1292 487 1369 heriensis,
499 1290 747 1357 Bartholomaei
765 1289 985 1367 Exoniensis,
1002 1289 1132 1354 Hilarii
1144 1288 1260 1353 Cices-

310 1392 449 1468 trensis,
469 1390 633 1471 Hugonis
654 1389 910 1466 Dunelmensis,
929 1389 1096 1453 Richardi
1121 1388 1259 1452 Coron-

312 1491 449 1567 trensis,
465 1488 635 1555 Gileberti
656 1487 935 1566 Herefordensis,
956 1495 991 1553 et
1016 1487 1197 1555 Godefridi
1217 1487 1261 1550 de

311 1597 433 1653 sancto
461 1587 596 1671 Asaph,
623 1595 793 1670 praesente
824 1589 930 1652 etiam
957 1587 1112 1653 Roberto
1135 1587 1262 1666 comite

314 1689 587 1772 Logecestrensi,
597 1686 793 1770 justiciario
806 1685 959 1769 Angliae,
974 1707 1051 1751 oum
1065 1686 1262 1762 comitibus,

312 1788 512 1865 baronibus,
530 1787 725 1864 abbatibus,
744 1785 1006 1862 archidiaconis,
1024 1793 1060 1850 et
1081 1787 1263 1851 innumera

314 1890 417 1952 turba
430 1887 539 1968 regni,
554 1887 644 1969 apud
660 1885 1021 1967 westmonasterium,
1038 1885 1125 1949 feria
1140 1885 1264 1967 quinta

315 1988 475 2069 proxima
501 1992 582 2052 ante
611 1985 806 2068 passionem
833 1985 986 2062 Domini,
1009 1985 1046 2048 in
1070 1985 1162 2049 hunc
1188 2003 1264 2048 mo·

316 2086 417 2164 dum;
447 2085 660 2162 ‘Robertua
682 2084 750 2148 Dei
774 2085 889 2166 gratia
913 2084 1166 2149 Lincolniensis
1191 2084 1265 2166 epi·

316 2203 455 2266 scopus,
485 2185 643 2248 omnibus
673 2191 804 2248 sanctae
834 2184 955 2247 matris
992 2184 1146 2250 ecclesiae
1183 2183 1265 2247 filiis

317 2285 476 2348 salutem.
529 2283 663 2347 Notum
688 2283 734 2346 sit
763 2281 981 2348 universitati
1009 2290 1147 2360 vestrae,
1172 2283 1265 2364 quod

319 2403 384 2465 ego
404 2383 648 2446 controversiae
667 2382 731 2459 illi,
751 2401 855 2464 quam
875 2382 1042 2446 adversus
1057 2382 1266 2460 Robertum,

318 2484 476 2548 abbatem
504 2483 616 2546 sancti
630 2480 772 2558 Albani,
793 2488 829 2544 et
841 2480 966 2545 fratros
983 2482 1058 2565 ejus
1078 2501 1267 2560 moveram,

319 2601 390 2664 qua
416 2581 661 2646 monasterium
687 2581 800 2662 ipsum
823 2581 935 2645 sancti
959 2579 1087 2647 Albani
1113 2588 1149 2645 et
1168 2581 1268 2663 quin·

319 2681 429 2744 decim
446 2679 609 2744 ecclesias
623 2680 714 2755 illas,
730 2698 817 2761 quas
836 2679 871 2742 in
887 2681 1059 2744 territorio
1076 2699 1139 2745 suo
1160 2682 1268 2763 privi-

320 2780 468 2861 legiatas
490 2778 623 2856 habuit,
645 2777 879 2862 Lincplniensi
895 2780 1049 2844 ecclesiae
1062 2788 1098 2844 et
1114 2781 1209 2860 mihi,
1227 2789 1268 2846 ut

320 2878 429 2960 ipsius
450 2879 626 2960 episeopo,
644 2877 681 2940 in
704 2877 953 2961 subjectionem
976 2886 1012 2943 et
1035 2880 1268 2945 obedientiam

321 2977 492 3059 petebam,
511 2978 547 3041 in
566 2977 753 3060 praesentia
773 2977 913 3041 testium
935 2976 1191 3059 praedictorum,
1212 3001 1269 3047 as·

320 3096 425 3141 sensu
440 3076 584 3158 capituli
605 3076 672 3139 mei
692 3076 729 3140 in
750 3081 954 3159 perpetuum
976 3079 1196 3162 renuntiavi3
1222 3089 1270 3160 et,

322 3184 362 3239 ut
383 3177 428 3241 ab
454 3194 496 3238 ea
522 3176 557 3238 in
584 3181 789 3257 perpetuum
816 3176 1070 3256 conquiescam,
1097 3177 1140 3242 de
1164 3200 1270 3246 mauu

316 3275 433 3358 ipsius
448 3274 583 3339 abbatis
599 3280 634 3338 et
649 3274 794 3338 fratrum
810 3273 886 3356 ejus
904 3275 1033 3352 villam,
1052 3297 1130 3359 quae
1142 3280 1271 3346 dicitur

323 3374 547 3455 Tiughurste,
565 3393 640 3437 cum
660 3362 806 3437 ecclesia
823 3380 859 3438 et
878 3375 1036 3439 omnibns
1052 3378 1271 3458 pertiuentiis

324 3463 491 3556 ejusdcm,
505 3493 569 3555 pro
579 3473 696 3536 decem
711 3473 844 3536 libratis
860 3480 972 3550 terrae,
987 3474 1093 3541 libere
1107 3484 1143 3541 et
1153 3479 1271 3560 quiete

326 3573 480 3635 ecclesiae
491 3571 724 3635 Lincolniensi
737 3572 772 3634 in
783 3579 985 3655 perpetuum
997 3573 1039 3636 de
1052 3582 1178 3640 caetero
1190 3598 1272 3660 pos·

317 3671 517 3748 uidendam,
540 3689 682 3734 assensu
696 3670 833 3734 *domini
859 3671 924 3735 mei
951 3672 1044 3752 regis
1069 3679 1104 3737 et
1121 3675 1271 3742 fratrum

328 3776 524 3860 nostrorum
554 3771 792 3852 episcoporum
818 3770 892 3853 jam
918 3770 1088 3834 dictorum
1114 3778 1273 3856 consilio,

328 3869 482 3953 capitulo
499 3889 574 3933 meo
589 3871 625 3934 in
645 3871 710 3934 hoc
725 3888 904 3935 assensum
928 3872 1116 3952 praebente,
1135 3878 1272 3959 recepi;

329 3977 364 4033 et
381 3969 453 4052 jus,
470 3970 562 4051 qnod
574 3968 649 4051 jam
666 3969 760 4033 dicta
775 3969 926 4046 abbatia,
939 3970 1020 4033 etin
1037 3990 1187 4053 persona
1198 3976 1274 4040 Ro-

328 4069 416 4132 berti
438 4068 574 4132 abbatis
597 4076 631 4132 et
656 4088 892 4133 successorum
911 4069 998 4152 ejus,
1020 4070 1145 4153 etjam
1171 4074 1274 4140 dictis

328 4167 521 4248 quindecim
537 4169 703 4246 ecclesiis,
715 4169 869 4233 ecclesiae
888 4188 973 4232 meae
991 4171 1125 4234 etmihi
1143 4180 1178 4238 et
1195 4193 1277 4241 suc-
