2820 4882
146 889 202 930 An.
213 889 270 929 11⁴6.

146 940 275 987 Differenoes

146 991 240 1028 bernean

147 1038 283 1127 issue·

307 404 373 468 238
561 417 694 465 nocnnr
719 417 766 464 nn
789 414 997 464 wnunovnn

341 647 391 710 Do
407 643 565 710 discordia
581 653 649 708 orto
664 645 746 707 ictor
755 666 877 729 popam
893 644 1069 731 Eugenium
1083 655 1111 709 ot
1128 667 1226 731 repono

685 744 894 807 Francorum.

362 867 491 931 Eodem
514 886 606 931 anno
628 885 722 948 papa
744 867 923 948 Eugenius
944 862 1101 932 Parisins
1115 869 1260 932 veniens

310 968 527 1032 consecravit
545 966 690 1030 Petrum
713 967 896 1048 quendam,
915 965 1080 1030 Aimerici
1102 967 1260 1030 ecclesiae

311 1067 480 1132 Romanae
497 1064 695 1130 cancellarii
714 1072 884 1147 nepotem,
906 1067 943 1129 in
960 1065 1258 1149 archiepiscopum

311 1166 562 1230 Bituricensem
591 1171 713 1228 contra
738 1163 926 1241 Lodowici‚
959 1166 1051 1246 regis
1086 1167 1257 1242 Franciae,

309 1267 536 1330 voluntatem.
589 1263 691 1342 Quod
714 1283 778 1326 rex
801 1264 838 1327 in
862 1264 1024 1348 injuriam
1051 1284 1124 1330 suae
1145 1264 1260 1346 digni·

312 1366 393 1429 tatis
423 1364 554 1429 sactum
589 1364 811 1427 vehementer
841 1364 1038 1445 indignans,
1068 1365 1258 1447 propositis

309 1464 445 1547 publice
467 1462 696 1527 sacrosanctis
721 1462 886 1545 reliquiiS,
907 1464 1148 1546 inpraesentia
1171 1464 1260 1526 mul-

307 1571 421 1628 torum
454 1563 600 1647 juravit,
634 1562 727 1644 quod
758 1562 1037 1646 archiepiscopus
1077 1563 1258 1645 praefatus,

308 1663 473 1746 quamdiu
495 1663 571 1744 ipse
595 1663 740 1738 viveret,
765 1663 941 1726 civitatem
968 1663 1161 1728 Bituricam
1186 1684 1257 1727 non

307 1763 463 1826 intraret.
516 1761 573 1825 Sic
595 1781 657 1844 per
679 1760 864 1824 triennium
886 1763 978 1843 regis
1003 1781 1153 1844 persona
1175 1764 1258 1826 sub·

303 1861 418 1946 jacuit
439 1861 645 1940 interdict03
674 1861 711 1923 in
730 1880 971 1944 quamcunque
997 1862 1187 1939 civitatem,
1204 1863 1258 1926 vi-
1334 1875 1335 1880 ’

308 1982 387 2026 cum
404 1961 461 2025 vel
478 1959 658 2024 castellum
680 1960 846 2037 intrabat,
867 1961 1143 2043 suspendebatur
1167 1962 1258 2024 cele·

308 2061 422 2125 bratio
453 2060 659 2124 divinorum.
713 2058 868 2123 Tandem
895 2053 1104 2138 ¹Bernardo,
1130 2061 1258 2125 abbate

309 2160 583 2236 Claraevallensi‚
606 2160 835 2242 persuadente
855 2160 899 2223 ad
919 2160 996 2236 hoc,
1015 2166 1069 2223 est
1082 2180 1143 2224 cor
1163 2161 1257 2242 regis

308 2260 524 2337 inclinatum,
551 2266 591 2323 ut
615 2258 910 2341 archiepiscopum
932 2260 1112 2341 reciperet,
1136 2268 1172 2323 et
1192 2279 1257 2341 pro

309 2360 584 2441 transgressione
617 2359 760 2442 perjurii
796 2357 1077 2442 Hierosolymam
1108 2378 1146 2423 se
1177 2380 1259 2442 pro·

307 2459 461 2528 mitteret
477 2459 723 2540 profecturum.
776 2458 890 2539 Igitur
904 2478 966 2541 per
981 2466 1092 2523 totam
1105 2458 1259 2522 Galliam

309 2558 349 2621 fit
378 2559 516 2622 exactio
539 2558 723 2639 generalis,
748 2577 812 2621 nec
837 2577 955 2634 sexus,
981 2559 1038 2621 vel
1066 2559 1163 2636 ordo,
1195 2566 1259 2622 aut

308 2658 461 2739 dignitas
487 2657 683 2741 quempiam
715 2676 883 2721 excusare
905 2658 1027 2740 ¹potuit
1049 2659 1134 2741 quin
1157 2659 1259 2721 auxi-

307 2757 392 2821 lium
426 2758 500 2838 regi
525 2757 717 2837 conferret3
751 2756 842 2820 unde
869 2756 1088 2834 factumest,
1112 2765 1152 2820 ut
1180 2757 1257 2840 ejus

308 2856 540 2939 peregrinatio
578 2856 697 2919 multis
733 2855 1037 2938 imprecationibus
1071 2875 1259 2940 perseque-

308 2963 415 3033 retur,
429 2956 520 3020 sicut
533 2975 682 3038 sequens
698 2954 821 3019 relatio
839 2954 1039 3020 declarabit.

333 3152 421 3232 Quod
435 3153 695 3238 Eupooiuopopo
707 3153 813 3216 Roneis
828 3152 992 3216 concilium
1006 3149 1167 3216 celebrarit
1174 3173 1238 3236 pro
1330 3181 1332 3185 ·

603 3254 718 3336 ceretio
735 3261 823 3315 ldt'rae
836 3261 923 3317 sanct
948 3299 954 3312 .

360 3376 491 3440 Eodem
506 3384 673 3460 tempore,
693 3377 728 3440 in
742 3376 875 3460 majore
892 3376 1051 3453 Letania,
1069 3395 1148 3439 cum
1165 3395 1258 3458 papa

310 3475 489 3557 Eugenius
527 3476 621 3558 apud
660 3483 815 3540 sanctam
854 3469 1068 3540 Genorefam
1113 3475 1258 3540 solemni

308 3575 433 3639 fuisset
453 3576 671 3658 processione
693 3583 864 3659 receptus,
885 3577 1076 3640 servientes
1102 3575 1259 3639 ecclesiae

308 3674 453 3739 clericos
485 3675 615 3739 domini
650 3695 752 3758 papae
785 3695 827 3740 ac
857 3676 1033 3739 ministros
1066 3675 1260 3756 fustigare·

308 3781 390 3838 runt
406 3782 442 3838 ct
462 3774 553 3838 inira
570 3775 720 3857 parietes
739 3776 893 3838 ecclesiae
914 3794 1032 3839 eorum
1053 3775 1259 3855 sanguinem

309 3873 529 3952 effuderunt;
568 3873 604 3936 in
634 3874 800 3938 ultionem
831 3874 940 3956 igitur
968 3874 1061 3938 illins
1094 3891 1259 3937 excessus

309 3974 532 4038 servientium
551 3973 706 4037 ecclesiae
733 3973 879 4038 aedificia
899 3981 981 4038 sunt
1006 3974 1186 4050 subversa,
1211 3979 1259 4050 et,

267 4212 272 4219 .
331 4170 497 4238 ¹Bernordo.]
514 4175 639 4237 Compare
650 4174 691 4225 his
702 4175 797 4237 works,
808 4177 848 4225 ed.
858 4175 943 4237 Poris,
951 4177 1025 4236 1690,
1033 4174 1051 4224 i.
1059 4173 1117 4223 coll.
1125 4178 1247 4226 202.2l5.
