2820 4882
423 426 563 474 rannus
587 428 858 478 nrsronmnuu.
1071 415 1116 478 67

163 583 252 645 censi
274 583 330 646 ira
350 584 395 648 ad
417 605 514 650 arma
533 588 731 669 prosiliunt,
747 598 783 652 et
806 589 922 651 urbem
942 589 1174 653 violenteran.
1188 605 1244 642 ¹⁰⁹⁶·

161 681 415 765 confringentes
434 687 568 751 incolas
588 708 687 771 paene
703 708 822 752 omnes
839 697 901 752 ant
916 689 1035 770 gladio
1056 691 1109 753 in·

162 782 327 848 terimunt
353 787 473 850 autin
493 787 635 853 flumine
658 789 773 853 vicino
790 787 1017 871 demergunt;
1047 792 1110 868 sic,

161 883 243 946 urbe
266 885 426 962 subacta,
449 888 600 970 quinque
624 889 745 952 diebus
771 896 973 954 manserunt
997 891 1033 953 in
1055 910 1109 954 ea.

162 981 288 1047 Petrus
305 1005 389 1050 vero
402 987 560 1066 audiens,
575 989 668 1071 qnod
683 1009 747 1053 rex
762 987 958 1070 Hungariae
973 989 1018 1053 ad
1034 991 1110 1054 vin·

160 1081 287 1148 dictam
313 1105 455 1150 snorum
479 1088 646 1153 militares
675 1090 794 1171 eopias
817 1097 1036 1167 convocaret,
1059 1091 1109 1154 le-

160 1183 279 1264 giones
312 1205 395 1250 suas
419 1189 512 1251 omui
534 1189 711 1253 celeritate
733 1189 827 1253 ultra
851 1188 991 1266 flumen,
1015 1191 1109 1272 quod

160 1282 312 1348 vicinum
334 1294 422 1365 erat,
444 1288 623 1353 transferri
645 1290 824 1372 praeeepit,
844 1309 923 1353 cum
944 1291 1109 1354 armentis

161 1390 192 1448 et
204 1387 384 1451 manubiis
397 1387 569 1468 civitatis3
591 1397 628 1454 et
639 1390 721 1454 inde
743 1397 823 1454 octo
838 1389 969 1453 dierum
986 1391 1108 1455 itinere

159 1490 371 1565 transcurso,
398 1496 481 1553 ante
509 1491 628 1553 urbem
659 1489 727 1554 Niz
757 1490 910 1554 turribus
943 1498 978 1554 et
1008 1511 1108 1554 muro

160 1583 382 1650 fortissimam
403 1589 572 1670 pervenit,
589 1598 637 1666 et,
654 1597 760 1673 ponte
777 1589 928 1653 fluminis
948 1592 1107 1667 transito,

159 1692 273 1750 casua
288 1686 368 1753 fixit
382 1687 508 1753 ibidem
522 1711 532 1768 3
556 1690 706 1773 indeque
726 1691 793 1754 iter
811 1690 1011 1772 expediens,
1027 1711 1107 1754 cum

159 1805 236 1867 pars
252 1787 366 1871 maj0r
380 1789 555 1854 exercitus
578 1790 802 1872 praeterisset,
816 1789 956 1872 quidam
977 1792 1118 1878 turbati,

158 1886 281 1968 capitis
308 1886 351 1952 de
377 1889 523 1972 regione¹
545 1890 828 1966 Teutonicorum,
851 1890 1107 1972 aliquantulum

158 1986 197 2048 ab
216 1988 416 2069 agminibus
438 1991 712 2072 praecedentibus
729 1990 863 2067 remoti,
878 1998 1010 2072 septem
1032 2010 1107 2054 mo·

157 2083 296 2151 lendiua
312 2087 421 2172 juxta
444 2098 584 2172 pontem
610 2096 838 2155 memoratum
860 2091 943 2170 igne
965 2109 1107 2153 concre-

158 2195 308 2252 marunt,
344 2189 456 2254 Erant
476 2198 594 2254 antem
610 2191 675 2254 viri
691 2191 793 2274 quasi
810 2196 961 2265 centum,
978 2190 1050 2272 qni,
1068 2199 1107 2253 ut

139 2279 140 2282 ’
157 2304 216 2351 suo
240 2287 350 2353 furori
373 2289 625 2369 satisfacerent,
640 2290 843 2375 adjecerunt
864 2288 909 2353 ad
931 2290 1105 2372 propriam

157 2387 340 2466 miseriam,
349 2397 385 2453 et
398 2390 613 2473 quorundam
623 2391 797 2455 domicilia
811 2391 849 2453 in
864 2388 1028 2453 suburbio
1044 2400 1127 2472 po·'

158 2487 223 2552 sita
237 2488 321 2570 igue
335 2490 492 2553 similiter
504 2491 763 2568 succendentes,
771 2491 955 2555 commisso
965 2490 1105 2566 scelere,

158 2589 326 2655 exercitui
349 2590 557 2673 praecedenti
584 2611 660 2656 sese
679 2591 827 2675 jungere
851 2591 1104 2673 properabant;

158 2696 190 2752 at
222 2709 308 2754 vero
338 2691 489 2772 regionis
521 2692 614 2755 illius
646 2690 817 2767 domiuus,
847 2691 940 2773 quod
976 2690 1106 2754 factum

159 2787 271 2853 fuerat
295 2789 436 2872 indigne
465 2790 590 2868 ferens,
616 2791 710 2855 cives
734 2797 868 2866 evocat,
899 2809 996 2854 arma
1021 2792 1107 2854 arri·

159 2907 237 2969 pere
255 2897 386 2965 monet,
402 2898 437 2955 et
455 2891 531 2973 ipse
548 2893 679 2974 primus
698 2910 777 2955 cum
801 2890 933 2971 ingenti
956 2890 1107 2954 tumultu

159 2986 274 3052 hostes
293 2989 482 3066 insecutus,
500 2999 685 3074 antequam
706 2991 749 3053 ad
772 2990 1022 3073 praecedentem
1043 3011 1106 3055 ex·

158 3088 301 3153 ercitum
326 3089 537 3172 attigissent,
562 3091 725 3156 atrociter
743 3090 822 3154 illos
844 3090 1010 3154 invadens
1034 3111 1107 3158 om-

158 3207 215 3252 nes
244 3196 357 3253 morte
381 3191 584 3272 dignissima
605 3191 762 3273 peremit.
807 3189 857 3254 At
880 3189 1007 3255 Petrus
1032 3190 1106 3254 haec

159 3289 273 3353 omnia
291 3290 429 3372 penitus
448 3290 624 3372 ignoratae,
642 3290 756 3373 utqui
774 3297 984 3372 praeeuutem
1002 3291 1106 3354 ducc-

158 3389 214 3454 bat
237 3390 443 3468 exercitum,
460 3391 541 3455 dum
557 3411 579 3455 a
596 3391 820 3460 referentibus
839 3409 957 3454 casum
979 3409 1108 3471 cogno-

158 3490 278 3566 visset,
295 3489 338 3554 de
349 3492 493 3555 consilio
510 3511 651 3555 suorum
665 3490 758 3555 illico
775 3510 945 3566 reversus,
960 3490 1105 3553 fratrum

157 3587 442 3673 interemptorum
464 3592 586 3656 funera
608 3611 678 3654 non
705 3591 779 3654 sine
808 3589 995 3672 lachrymis
1024 3608 1105 3651 con·

158 3692 288 3773 spexit,
296 3692 383 3754 scire
397 3690 544 3755 sollicite
558 3692 712 3773 cupiens,
722 3711 801 3774 quae
812 3709 918 3755 causa
931 3686 1106 3753 exstiterit

159 3797 265 3855 tantae
292 3791 602 3873 transgressionis3
637 3791 751 3855 missis
773 3793 891 3874 itaque
912 3785 1038 3870 legatis
1061 3784 1105 3847 ad

159 3891 308 3975 majores
325 3891 488 3969 civitatis,
504 3898 754 3974 cognoverunt,
772 3891 832 3972 qui
845 3887 941 3952 missi
956 3887 1105 3960 fuerant,

154 3989 252 4073 justa
268 3991 507 4074 indignatione
527 3993 728 4056 seditionem
745 3991 850 4054 fuisse
872 3988 1021 4063 factam3
1046 3983 1107 4047 sed

157 4093 374 4174 quorundam
398 4094 655 4176 peregrinorum
688 4111 775 4155 ausu
804 4087 985 4153 temerario
1016 4085 1107 4166 legio

157 4198 232 4256 tota
249 4193 426 4257 concitata
448 4201 514 4270 est,
529 4200 569 4257 ut
591 4192 753 4276 injuriam
770 4208 873 4272 quam
893 4185 1108 4268 pertulerant

941 4327 985 4372 ra
