2820 4882
144 581 199 623 A-D.
210 583 265 623 109³.

145 632 193 671 Lan
201 633 225 672 ot

145 681 248 724 Wulnm.

301 397 347 460 56
556 414 690 460 nocam
717 413 765 460 nn
790 410 994 460 wnnnovnn

305 569 372 634 Dei
390 570 572 634 Wlstanns
591 588 660 633 non
685 569 796 633 solnm
818 567 1054 650 possessiones
1076 564 1257 630 revocavit

305 671 445 752 petitas,
468 670 529 733 sed
551 677 587 733 et
603 670 784 733 ecclesiam
808 688 917 746 suam,
932 688 1013 750 rege
1033 664 1257 742 concedente,

306 789 348 833 ea
369 770 529 833 libertate
552 770 695 832 liberam
720 770 886 851 suscepit,
907 788 977 850 qua
998 767 1199 830 fundatores
1216 765 1258 827 il-

305 869 373 932 lius
389 890 452 932 rex
469 868 633 932 Alfredus
653 877 688 932 et
703 868 794 932 filius
811 869 887 951 ejus
905 867 1121 932 Eadwardus
1143 866 1257 947 ipsam

305 970 447 1032 liberam
456 969 609 1032 fecerant
624 970 659 1032 et
668 987 885 1032 successores
897 987 1028 1032 eorum.
1052 964 1258 1030 TuncTho-

224 1077 228 1093 '
306 1088 381 1134 mas
396 1069 686 1150 archiepiscopus
705 1070 806 1132 heato
820 1069 983 1133 Wlstano
1001 1067 1160 1131 omnibus
1175 1084 1259 1147 pos·

307 1169 527 1238 sessionibus.
544 1176 579 1231 et
601 1169 818 1232 libertatibus
842 1169 1024 1245 restitutis,
1051 1168 1163 1230 virum
1188 1165 1259 1229 Dei

307 1269 561 1333 sanctissimum
578 1268 697 1331 multis
714 1269 873 1350 precihus
893 1269 1116 1343 sollicitabat,
1132 1273 1259 1329 utnon

307 1369 419 1432 solum
435 1387 532 1431 suam
553 1368 732 1431 ecclesiam
759 1369 901 1450 pacifice
918 1369 1122 1450 possideret,
1138 1365 1198 1428 sed
1224 1372 1261 1430 et

308 1467 506 1550 parochiam
541 1468 792 1532 Eboracensem
826 1469 968 1532 visitare
998 1475 1032 1532 et
1064 1485 1145 1531 suos
1174 1467 1259 1529 sub-

304 1569 418 1651 jectos
450 1568 621 1648 religiosis
654 1568 838 1631 informare
865 1569 1016 1631 moribus
1043 1567 1259 1648 dignaretur.

309 1667 412 1732 Vixit
430 1675 546 1732 autem
571 1674 693 1750 postea
716 1669 935 1731 beatissimus
965 1669 1111 1732 antistes
1126 1666 1262 1730 Wlsta·

243 1837 246 1842 ,
308 1787 385 1845 nire,
403 1769 496 1832 omni
513 1787 637 1848 genere
655 1768 823 1831 virtutum
845 1767 979 1851 plenuS,
996 1786 1106 1849 usque
1128 1765 1173 1829 ad
1195 1785 1260 1829 an-

148 3587 235 3626 council
244 3588 268 3626 of

150 3637 264 3677 elermona

310 1888 392 1931 num
414 1875 631 1949 praesentem,
647 1867 681 1930 id
699 1874 764 1945 est,
782 1868 908 1933 divinae
923 1867 1170 1931 incarnationis
1184 1866 1262 1929 mil-

309 1968 467 2032 lesimum
493 1968 753 2049 nonagesimum
775 1969 946 2048 quintum,
970 1987 1039 2049 qno
1063 1968 1195 2049 utique,
1220 1974 1261 2031 ut

310 2068 512 2150 praedictum
527 2075 592 2143 est,
607 2086 711 2145 anno,
721 2066 853 2131 decimo
867 2076 991 2148 quarto
1008 2066 1175 2140 kalendas
1193 2066 1260 2130 Fc-

313 2167 454 2245 brirarii,
482 2187 527 2231 ex
543 2168 607 2230 hac
622 2167 696 2231 vita
719 2169 891 2231 transiens
916 2187 980 2249 pro
1006 2168 1108 2230 rebus
1132 2167 1261 2230 transi-

311 2267 409 2331 toriis
432 2266 657 2331 commutavit
671 2274 839 2346 aeternas3
863 2266 962 2350 cujus
983 2268 1149 2331 transitus
1174 2267 1262 2330 hora

311 2366 467 2430 Roberto
494 2366 742 2431 Heresordensi
764 2369 939 2452 episcopo,
967 2368 1002 2430 in
1024 2367 1151 2450 oppido
1167 2367 1261 2450 quod

312 2464 473 2530 Crickela
489 2467 626 2544 dicitur,
641 2468 678 2530 in
690 2466 821 2531 risione
838 2468 1012 2550 apparuit,
1030 2475 1065 2531 et
1081 2467 1143 2544 illi,
1159 2475 1199 2530 ut
1213 2467 1259 2530 ad

311 2586 348 2630 se
360 2566 599 2630 tumulandum
609 2567 828 2648 Wigorniam
840 2576 1053 2650 properaret,
1067 2567 1259 2632 mandavit.

311 2665 489 2729 Annulum
507 2687 655 2750 quoque,
674 2687 751 2730 cum
768 2687 837 2748 quo
850 2667 1081 2750 pontificalem
1095 2687 1259 2750 suscepe-

312 2773 366 2830 rat
385 2768 690 2843 consecrationem,
710 2768 879 2832 neminem
904 2787 924 2830 a
945 2766 1054 2849 digito
1077 2767 1260 2832 extrahere

311 2866 480 2947 permisit,
493 2887 536 2930 ne
553 2873 790 2948 postmortem
815 2887 913 2931 suam
929 2887 1012 2931 suos
1029 2868 1148 2931 fallere
1164 2868 1262 2931 vide-

311 2973 418 3043 retur,
446 2967 571 3049 quibus
602 2967 813 3049 praedixerat
840 2968 1041 3050 saepissime,
1069 2968 1165 3030 illum
1199 2988 1262 3032 nec

311 3065 385 3129 vita
410 3067 534 3131 comite
556 3085 593 3130 sc
617 3067 759 3149 perdere
775 3068 875 3145 velle,
893 3087 956 3131 nec
983 3069 1085 3132 etiam
1109 3067 1165 3131 die
1188 3087 1262 3132 suae

311 3166 510 3248 sepulturae.

382 3341 503 3428 Incipit
520 3343 681 3407 conciliant
703 3340 827 3406 Urbani
831 3364 928 3427 popa
944 3342 980 3406 da
994 3341 1182 3427 capeditioac

684 3442 889 3507 Antiocheae.

361 3570 491 3633 Eodem
517 3589 619 3644 anno,
647 3568 682 3632 id
708 3576 772 3646 est,
794 3568 986 3632 Dominicae
1013 3568 1263 3633 incarnationis

311 3685 441 3746 MXGV„
473 3669 631 3733 dominus
660 3687 751 3750 papa
778 3667 943 3731 Urbanus
966 3660 1078 3749 ¹apud
1103 3667 1264 3731 Clarum·

311 3777 462 3833 montem
473 3770 649 3833 civitatem
659 3768 840 3832 Arverniae
850 3767 1032 3831 concilium
1042 3773 1177 3845 tenens,
1189 3769 1264 3833 haec

348 4010 440 4074 ¹Apud
464 4012 697 4074 clarum-montem]
721 4010 774 4059 The
800 4011 877 4059 taken
899 4011 961 4059 from
982 4011 1152 4073 Malmabury‚
1174 4011 1187 4079 §
1207 4019 1265 4068 345,

311 4083 410 4130 council
418 4082 447 4129 of
452 4081 587 4143 clermont,
594 4082 620 4129 in
627 4085 773 4143 Arvergne,
799 4081 852 4129 The
863 4086 918 4130 acts
929 4081 958 4129 of
966 4080 1008 4130 the
1020 4083 1120 4130 council
1131 4097 1174 4132 are
1185 4087 1265 4146 print·

311 4165 365 4200 was
393 4152 452 4200 held
480 4153 506 4200 in
535 4152 679 4200 November
702 4156 772 4200 1⁰95.
800 4154 831 4199 ed
849 4152 875 4200 in
893 4151 1013 4199 Harduin
1024 4151 1074 4200 and
1091 4152 1163 4202 other
1174 4157 1266 4207 collec-

310 4220 363 4270 The
385 4221 515 4285 following
537 4227 644 4272 account
666 4221 695 4270 os
714 4223 734 4270 it
750 4222 773 4270 is
799 4222 872 4285 tione,
885 4222 919 4271 ad
931 4237 971 4271 an.
984 4225 1057 4271 1095.
