<?xml version="1.0" encoding="UTF-8"?>
<!DOCTYPE html PUBLIC "-//W3C//DTD XHTML 1.0 Transitional//EN"
    "http://www.w3.org/TR/xhtml1/DTD/xhtml1-transitional.dtd">
<html xmlns="http://www.w3.org/1999/xhtml" xml:lang="en" lang="en">
 <head>
  <title>
</title>
<meta http-equiv="Content-Type" content="text/html;charset=utf-8" />
  <meta name='ocr-system' content='tesseract 3.04.00' />
  <meta name='ocr-capabilities' content='ocr_page ocr_carea ocr_par ocr_line ocrx_word'/>
</head>
<body>
  <div class='ocr_page' id='page_1' title='image "./rogeridewendove01rogegoog_0449.png"; bbox 0 0 2820 4882; ppageno 0'>
   <div class='ocr_carea' id='block_1_1' title="bbox 347 399 1038 463">
    <p class='ocr_par' dir='ltr' id='par_1_1' title="bbox 347 399 1038 463">
     <span class='ocr_line' id='line_1_1' title="bbox 347 399 1038 463; baseline -0.007 0"><span class='ocrx_word' id='word_1_1' title='bbox 347 399 413 463; x_wconf 81' lang='grc'><strong>438</strong></span> <span class='ocrx_word' id='word_1_2' title='bbox 601 410 736 459; x_wconf 78' lang='lat' dir='ltr'><strong>nocam</strong></span> <span class='ocrx_word' id='word_1_3' title='bbox 761 412 808 458; x_wconf 85' lang='lat' dir='ltr'><strong>nn</strong></span> <span class='ocrx_word' id='word_1_4' title='bbox 832 409 1038 459; x_wconf 77' lang='lat' dir='ltr'><strong>wnunovnn</strong></span> 
     </span>
    </p>
   </div>
   <div class='ocr_carea' id='block_1_2' title="bbox 188 568 1329 3708">
    <p class='ocr_par' dir='ltr' id='par_1_2' title="bbox 188 568 1329 3708">
     <span class='ocr_line' id='line_1_2' title="bbox 188 568 1300 651; baseline -0.001 -16"><span class='ocrx_word' id='word_1_5' title='bbox 188 593 310 635; x_wconf 62' lang='lat' dir='ltr'><strong>nonna</strong></span> <span class='ocrx_word' id='word_1_6' title='bbox 349 589 482 635; x_wconf 89' lang='lat' dir='ltr'><strong>cessum</strong></span> <span class='ocrx_word' id='word_1_7' title='bbox 505 588 630 648; x_wconf 83' lang='lat' dir='ltr'><strong>suum3</strong></span> <span class='ocrx_word' id='word_1_8' title='bbox 656 569 757 651; x_wconf 89' lang='lat' dir='ltr'><strong>petiit</strong></span> <span class='ocrx_word' id='word_1_9' title='bbox 780 569 934 650; x_wconf 82' lang='lat' dir='ltr'><strong>insuper,</strong></span> <span class='ocrx_word' id='word_1_10' title='bbox 955 575 995 632; x_wconf 91' lang='lat' dir='ltr'><strong>ut</strong></span> <span class='ocrx_word' id='word_1_11' title='bbox 1010 568 1192 633; x_wconf 86' lang='lat' dir='ltr'><strong>Johannes</strong></span> <span class='ocrx_word' id='word_1_12' title='bbox 1207 569 1300 634; x_wconf 89' lang='lat' dir='ltr'><strong>filins</strong></span> 
     </span>
     <span class='ocr_line' id='line_1_3' title="bbox 350 667 1301 753; baseline -0.002 -19"><span class='ocrx_word' id='word_1_13' title='bbox 350 670 425 753; x_wconf 91' lang='lat' dir='ltr'><strong>ejus</strong></span> <span class='ocrx_word' id='word_1_14' title='bbox 450 688 585 733; x_wconf 87' lang='lat' dir='ltr'><strong>crucem</strong></span> <span class='ocrx_word' id='word_1_15' title='bbox 610 667 800 750; x_wconf 90' lang='lat' dir='ltr'><strong>susciperet</strong></span> <span class='ocrx_word' id='word_1_16' title='bbox 823 667 1103 750; x_wconf 82' lang='lat' dir='ltr'><strong>Hierosolymam</strong></span> <span class='ocrx_word' id='word_1_17' title='bbox 1128 668 1301 750; x_wconf 87' lang='lat' dir='ltr'><strong>prosectu-</strong></span> 
     </span>
     <span class='ocr_line' id='line_1_4' title="bbox 259 766 1301 849; baseline -0.001 -17"><span class='ocrx_word' id='word_1_18' title='bbox 259 816 261 819; x_wconf 89' lang='grc'>-</span> <span class='ocrx_word' id='word_1_19' title='bbox 349 788 422 845; x_wconf 87' lang='lat' dir='ltr'><strong>rus,</strong></span> <span class='ocrx_word' id='word_1_20' title='bbox 448 786 530 831; x_wconf 91' lang='lat' dir='ltr'><strong>nam</strong></span> <span class='ocrx_word' id='word_1_21' title='bbox 556 766 752 830; x_wconf 86' lang='lat' dir='ltr'><strong>Richardns</strong></span> <span class='ocrx_word' id='word_1_22' title='bbox 780 766 888 830; x_wconf 85' lang='lat' dir='ltr'><strong>frater</strong></span> <span class='ocrx_word' id='word_1_23' title='bbox 912 767 987 849; x_wconf 91' lang='lat' dir='ltr'><strong>ejus</strong></span> <span class='ocrx_word' id='word_1_24' title='bbox 1015 766 1083 830; x_wconf 91' lang='lat' dir='ltr'><strong>iter</strong></span> <span class='ocrx_word' id='word_1_25' title='bbox 1110 766 1197 829; x_wconf 92' lang='lat' dir='ltr'><strong>illud</strong></span> <span class='ocrx_word' id='word_1_26' title='bbox 1221 768 1301 831; x_wconf 93' lang='lat' dir='ltr'><strong>nul·</strong></span> 
     </span>
     <span class='ocr_line' id='line_1_5' title="bbox 350 864 1302 947; baseline -0.002 -16"><span class='ocrx_word' id='word_1_27' title='bbox 350 868 488 932; x_wconf 86' lang='lat' dir='ltr'><strong>latenus</strong></span> <span class='ocrx_word' id='word_1_28' title='bbox 511 867 587 930; x_wconf 89' lang='lat' dir='ltr'><strong>sine</strong></span> <span class='ocrx_word' id='word_1_29' title='bbox 608 866 685 947; x_wconf 90' lang='lat' dir='ltr'><strong>ipso</strong></span> <span class='ocrx_word' id='word_1_30' title='bbox 712 865 902 947; x_wconf 83' lang='lat' dir='ltr'><strong>arriperet3</strong></span> <span class='ocrx_word' id='word_1_31' title='bbox 934 865 1007 942; x_wconf 90' lang='lat' dir='ltr'><strong>sed,</strong></span> <span class='ocrx_word' id='word_1_32' title='bbox 1032 866 1116 947; x_wconf 88' lang='lat' dir='ltr'><strong>quia</strong></span> <span class='ocrx_word' id='word_1_33' title='bbox 1140 885 1204 929; x_wconf 86' lang='lat' dir='ltr'><strong>rex</strong></span> <span class='ocrx_word' id='word_1_34' title='bbox 1226 864 1302 929; x_wconf 90' lang='lat' dir='ltr'><strong>An·</strong></span> 
     </span>
     <span class='ocr_line' id='line_1_6' title="bbox 352 963 1302 1049; baseline -0.001 -20"><span class='ocrx_word' id='word_1_35' title='bbox 352 966 433 1049; x_wconf 85' lang='lat' dir='ltr'><strong>gliae</strong></span> <span class='ocrx_word' id='word_1_36' title='bbox 453 965 532 1029; x_wconf 91' lang='lat' dir='ltr'><strong>huic</strong></span> <span class='ocrx_word' id='word_1_37' title='bbox 548 964 707 1047; x_wconf 90' lang='lat' dir='ltr'><strong>petitioni</strong></span> <span class='ocrx_word' id='word_1_38' title='bbox 722 982 902 1028; x_wconf 79' lang='lat' dir='ltr'><strong>assensum</strong></span> <span class='ocrx_word' id='word_1_39' title='bbox 920 964 1072 1045; x_wconf 86' lang='lat' dir='ltr'><strong>praebere</strong></span> <span class='ocrx_word' id='word_1_40' title='bbox 1089 963 1214 1040; x_wconf 89' lang='lat' dir='ltr'><strong>noluit,</strong></span> <span class='ocrx_word' id='word_1_41' title='bbox 1231 965 1302 1028; x_wconf 82' lang='lat' dir='ltr'><strong>dis-</strong></span> 
     </span>
     <span class='ocr_line' id='line_1_7' title="bbox 352 1062 1302 1129; baseline -0.002 -1"><span class='ocrx_word' id='word_1_42' title='bbox 352 1065 472 1129; x_wconf 86' lang='lat' dir='ltr'><strong>cordes</strong></span> <span class='ocrx_word' id='word_1_43' title='bbox 498 1065 542 1128; x_wconf 88' lang='lat' dir='ltr'><strong>ab</strong></span> <span class='ocrx_word' id='word_1_44' title='bbox 569 1063 716 1126; x_wconf 87' lang='lat' dir='ltr'><strong>invicem</strong></span> <span class='ocrx_word' id='word_1_45' title='bbox 739 1067 967 1126; x_wconf 85' lang='lat' dir='ltr'><strong>recesserunt.</strong></span> <span class='ocrx_word' id='word_1_46' title='bbox 1021 1062 1063 1125; x_wconf 93' lang='lat' dir='ltr'><strong>In</strong></span> <span class='ocrx_word' id='word_1_47' title='bbox 1093 1062 1158 1126; x_wconf 90' lang='lat' dir='ltr'><strong>hoc</strong></span> <span class='ocrx_word' id='word_1_48' title='bbox 1183 1071 1302 1127; x_wconf 85' lang='lat' dir='ltr'><strong>autem</strong></span> 
     </span>
     <span class='ocr_line' id='line_1_8' title="bbox 352 1160 1300 1245; baseline -0.001 -19"><span class='ocrx_word' id='word_1_49' title='bbox 352 1162 525 1245; x_wconf 89' lang='lat' dir='ltr'><strong>colloquio</strong></span> <span class='ocrx_word' id='word_1_50' title='bbox 549 1160 735 1225; x_wconf 85' lang='lat' dir='ltr'><strong>cardinalis</strong></span> <span class='ocrx_word' id='word_1_51' title='bbox 758 1161 925 1242; x_wconf 84' lang='lat' dir='ltr'><strong>praefatus</strong></span> <span class='ocrx_word' id='word_1_52' title='bbox 948 1168 1148 1225; x_wconf 79' lang='lat' dir='ltr'><strong>constanter</strong></span> <span class='ocrx_word' id='word_1_53' title='bbox 1167 1180 1300 1225; x_wconf 84' lang='lat' dir='ltr'><strong>assere-</strong></span> 
     </span>
     <span class='ocr_line' id='line_1_9' title="bbox 352 1258 1300 1345; baseline -0.003 -19"><span class='ocrx_word' id='word_1_54' title='bbox 352 1263 423 1339; x_wconf 89' lang='lat' dir='ltr'><strong>bat,</strong></span> <span class='ocrx_word' id='word_1_55' title='bbox 441 1261 545 1345; x_wconf 91' lang='lat' dir='ltr'><strong>quod,</strong></span> <span class='ocrx_word' id='word_1_56' title='bbox 560 1261 628 1324; x_wconf 93' lang='lat' dir='ltr'><strong>nisi</strong></span> <span class='ocrx_word' id='word_1_57' title='bbox 650 1279 713 1324; x_wconf 83' lang='lat' dir='ltr'><strong>rex</strong></span> <span class='ocrx_word' id='word_1_58' title='bbox 737 1259 895 1324; x_wconf 85' lang='lat' dir='ltr'><strong>Franciae</strong></span> <span class='ocrx_word' id='word_1_59' title='bbox 916 1267 953 1324; x_wconf 92' lang='lat' dir='ltr'><strong>et</strong></span> <span class='ocrx_word' id='word_1_60' title='bbox 967 1279 1082 1324; x_wconf 77' lang='lat' dir='ltr'><strong>comes</strong></span> <span class='ocrx_word' id='word_1_61' title='bbox 1103 1258 1300 1323; x_wconf 88' lang='lat' dir='ltr'><strong>Richardns</strong></span> 
     </span>
     <span class='ocr_line' id='line_1_10' title="bbox 352 1357 1301 1441; baseline -0.002 -17"><span class='ocrx_word' id='word_1_62' title='bbox 352 1380 432 1424; x_wconf 92' lang='lat' dir='ltr'><strong>cum</strong></span> <span class='ocrx_word' id='word_1_63' title='bbox 468 1379 551 1441; x_wconf 84' lang='lat' dir='ltr'><strong>rege</strong></span> <span class='ocrx_word' id='word_1_64' title='bbox 581 1357 776 1440; x_wconf 84' lang='lat' dir='ltr'><strong>Anglornm</strong></span> <span class='ocrx_word' id='word_1_65' title='bbox 802 1359 846 1422; x_wconf 86' lang='lat' dir='ltr'><strong>ad</strong></span> <span class='ocrx_word' id='word_1_66' title='bbox 877 1358 1015 1440; x_wconf 89' lang='lat' dir='ltr'><strong>plenum</strong></span> <span class='ocrx_word' id='word_1_67' title='bbox 1044 1360 1301 1441; x_wconf 84' lang='lat' dir='ltr'><strong>componerent,</strong></span> 
     </span>
     <span class='ocr_line' id='line_1_11' title="bbox 353 1457 1299 1522; baseline 0.001 0"><span class='ocrx_word' id='word_1_68' title='bbox 353 1477 472 1522; x_wconf 88' lang='lat' dir='ltr'><strong>omnes</strong></span> <span class='ocrx_word' id='word_1_69' title='bbox 495 1465 607 1522; x_wconf 86' lang='lat' dir='ltr'><strong>terras</strong></span> <span class='ocrx_word' id='word_1_70' title='bbox 629 1477 747 1521; x_wconf 91' lang='lat' dir='ltr'><strong>eorum</strong></span> <span class='ocrx_word' id='word_1_71' title='bbox 769 1459 834 1521; x_wconf 88' lang='lat' dir='ltr'><strong>sub</strong></span> <span class='ocrx_word' id='word_1_72' title='bbox 857 1457 1040 1521; x_wconf 89' lang='lat' dir='ltr'><strong>interdicto</strong></span> <span class='ocrx_word' id='word_1_73' title='bbox 1068 1457 1299 1522; x_wconf 85' lang='lat' dir='ltr'><strong>concluderet.</strong></span> 
     </span>
     <span class='ocr_line' id='line_1_12' title="bbox 354 1555 1303 1639; baseline -0.002 -19"><span class='ocrx_word' id='word_1_74' title='bbox 354 1555 421 1620; x_wconf 87' lang='lat' dir='ltr'><strong>Cui</strong></span> <span class='ocrx_word' id='word_1_75' title='bbox 443 1575 506 1619; x_wconf 87' lang='lat' dir='ltr'><strong>rex</strong></span> <span class='ocrx_word' id='word_1_76' title='bbox 523 1557 736 1620; x_wconf 81' lang='lat' dir='ltr'><strong>Francorum</strong></span> <span class='ocrx_word' id='word_1_77' title='bbox 762 1556 951 1639; x_wconf 89' lang='lat' dir='ltr'><strong>respondit,</strong></span> <span class='ocrx_word' id='word_1_78' title='bbox 973 1574 1011 1619; x_wconf 91' lang='lat' dir='ltr'><strong>se</strong></span> <span class='ocrx_word' id='word_1_79' title='bbox 1030 1557 1140 1638; x_wconf 88' lang='lat' dir='ltr'><strong>ipsius</strong></span> <span class='ocrx_word' id='word_1_80' title='bbox 1165 1563 1303 1620; x_wconf 87' lang='lat' dir='ltr'><strong>senten-</strong></span> 
     </span>
     <span class='ocr_line' id='line_1_13' title="bbox 354 1655 1329 1736; baseline -0.002 -18"><span class='ocrx_word' id='word_1_81' title='bbox 354 1656 438 1719; x_wconf 87' lang='lat' dir='ltr'><strong>tiam</strong></span> <span class='ocrx_word' id='word_1_82' title='bbox 458 1673 527 1718; x_wconf 91' lang='lat' dir='ltr'><strong>non</strong></span> <span class='ocrx_word' id='word_1_83' title='bbox 550 1655 682 1731; x_wconf 90' lang='lat' dir='ltr'><strong>timere,</strong></span> <span class='ocrx_word' id='word_1_84' title='bbox 707 1673 785 1718; x_wconf 88' lang='lat' dir='ltr'><strong>cnm</strong></span> <span class='ocrx_word' id='word_1_85' title='bbox 803 1655 899 1718; x_wconf 88' lang='lat' dir='ltr'><strong>nulla</strong></span> <span class='ocrx_word' id='word_1_86' title='bbox 924 1655 1089 1736; x_wconf 83' lang='lat' dir='ltr'><strong>aequitate</strong></span> <span class='ocrx_word' id='word_1_87' title='bbox 1112 1655 1329 1733; x_wconf 79' lang='lat' dir='ltr'><strong>niteretur3&#39;</strong></span> 
     </span>
     <span class='ocr_line' id='line_1_14' title="bbox 354 1753 1302 1836; baseline -0.002 -19"><span class='ocrx_word' id='word_1_88' title='bbox 354 1753 486 1818; x_wconf 89' lang='lat' dir='ltr'><strong>addidit</strong></span> <span class='ocrx_word' id='word_1_89' title='bbox 510 1754 627 1830; x_wconf 88' lang='lat' dir='ltr'><strong>etiam,</strong></span> <span class='ocrx_word' id='word_1_90' title='bbox 647 1753 691 1816; x_wconf 82' lang='lat' dir='ltr'><strong>ad</strong></span> <span class='ocrx_word' id='word_1_91' title='bbox 717 1754 897 1818; x_wconf 87' lang='lat' dir='ltr'><strong>ecclesiam</strong></span> <span class='ocrx_word' id='word_1_92' title='bbox 917 1753 1112 1817; x_wconf 83' lang='lat' dir='ltr'><strong>Romanam</strong></span> <span class='ocrx_word' id='word_1_93' title='bbox 1131 1773 1202 1816; x_wconf 91' lang='lat' dir='ltr'><strong>non</strong></span> <span class='ocrx_word' id='word_1_94' title='bbox 1224 1773 1302 1836; x_wconf 90' lang='lat' dir='ltr'><strong>per-</strong></span> 
     </span>
     <span class='ocr_line' id='line_1_15' title="bbox 355 1852 1307 1934; baseline -0.001 -18"><span class='ocrx_word' id='word_1_95' title='bbox 355 1854 465 1916; x_wconf 90' lang='lat' dir='ltr'><strong>tinere</strong></span> <span class='ocrx_word' id='word_1_96' title='bbox 500 1853 538 1915; x_wconf 94' lang='lat' dir='ltr'><strong>in</strong></span> <span class='ocrx_word' id='word_1_97' title='bbox 574 1871 690 1934; x_wconf 82' lang='lat' dir='ltr'><strong>regem</strong></span> <span class='ocrx_word' id='word_1_98' title='bbox 719 1852 776 1916; x_wconf 85' lang='lat' dir='ltr'><strong>vel</strong></span> <span class='ocrx_word' id='word_1_99' title='bbox 809 1871 954 1934; x_wconf 87' lang='lat' dir='ltr'><strong>regnum</strong></span> <span class='ocrx_word' id='word_1_100' title='bbox 994 1853 1208 1916; x_wconf 89' lang='lat' dir='ltr'><strong>Francorum</strong></span> <span class='ocrx_word' id='word_1_101' title='bbox 1244 1872 1307 1934; x_wconf 87' lang='lat' dir='ltr'><strong>per</strong></span> 
     </span>
     <span class='ocr_line' id='line_1_16' title="bbox 355 1951 1306 2028; baseline -0.001 -14"><span class='ocrx_word' id='word_1_102' title='bbox 355 1951 563 2015; x_wconf 87' lang='lat' dir='ltr'><strong>sententiam</strong></span> <span class='ocrx_word' id='word_1_103' title='bbox 584 1951 869 2028; x_wconf 89' lang='lat' dir='ltr'><strong>animadvertere,</strong></span> <span class='ocrx_word' id='word_1_104' title='bbox 895 1952 925 2014; x_wconf 91' lang='lat' dir='ltr'><strong>si</strong></span> <span class='ocrx_word' id='word_1_105' title='bbox 949 1971 1013 2015; x_wconf 84' lang='lat' dir='ltr'><strong>rex</strong></span> <span class='ocrx_word' id='word_1_106' title='bbox 1032 1951 1246 2015; x_wconf 86' lang='lat' dir='ltr'><strong>Francorum</strong></span> <span class='ocrx_word' id='word_1_107' title='bbox 1269 1951 1306 2013; x_wconf 96' lang='lat' dir='ltr'><strong>in</strong></span> 
     </span>
     <span class='ocr_line' id='line_1_17' title="bbox 355 2049 1305 2132; baseline 0 -20"><span class='ocrx_word' id='word_1_108' title='bbox 355 2049 510 2114; x_wconf 88' lang='lat' dir='ltr'><strong>homines</strong></span> <span class='ocrx_word' id='word_1_109' title='bbox 536 2069 618 2114; x_wconf 88' lang='lat' dir='ltr'><strong>suos</strong></span> <span class='ocrx_word' id='word_1_110' title='bbox 647 2050 833 2114; x_wconf 85' lang='lat' dir='ltr'><strong>demeritos</strong></span> <span class='ocrx_word' id='word_1_111' title='bbox 864 2057 900 2114; x_wconf 92' lang='lat' dir='ltr'><strong>et</strong></span> <span class='ocrx_word' id='word_1_112' title='bbox 924 2069 1033 2132; x_wconf 83' lang='lat' dir='ltr'><strong>regno</strong></span> <span class='ocrx_word' id='word_1_113' title='bbox 1060 2069 1125 2114; x_wconf 89' lang='lat' dir='ltr'><strong>suo</strong></span> <span class='ocrx_word' id='word_1_114' title='bbox 1158 2050 1305 2114; x_wconf 85' lang='lat' dir='ltr'><strong>rebelles</strong></span> 
     </span>
     <span class='ocr_line' id='line_1_18' title="bbox 355 2148 1306 2231; baseline -0.001 -19"><span class='ocrx_word' id='word_1_115' title='bbox 355 2149 501 2231; x_wconf 89' lang='lat' dir='ltr'><strong>injurias</strong></span> <span class='ocrx_word' id='word_1_116' title='bbox 541 2167 624 2212; x_wconf 85' lang='lat' dir='ltr'><strong>suas</strong></span> <span class='ocrx_word' id='word_1_117' title='bbox 665 2148 853 2212; x_wconf 91' lang='lat' dir='ltr'><strong>ulciscendi</strong></span> <span class='ocrx_word' id='word_1_118' title='bbox 888 2167 995 2211; x_wconf 87' lang='lat' dir='ltr'><strong>causa</strong></span> <span class='ocrx_word' id='word_1_119' title='bbox 1034 2148 1208 2229; x_wconf 82' lang='lat' dir='ltr'><strong>insurgit3</strong></span> <span class='ocrx_word' id='word_1_120' title='bbox 1243 2148 1306 2211; x_wconf 77' lang='lat' dir='ltr'><strong>ad-</strong></span> 
     </span>
     <span class='ocr_line' id='line_1_19' title="bbox 351 2246 1308 2330; baseline 0 -20"><span class='ocrx_word' id='word_1_121' title='bbox 351 2247 474 2330; x_wconf 85' lang='lat' dir='ltr'><strong>junxit</strong></span> <span class='ocrx_word' id='word_1_122' title='bbox 504 2246 657 2330; x_wconf 88' lang='lat' dir='ltr'><strong>insuper,</strong></span> <span class='ocrx_word' id='word_1_123' title='bbox 688 2248 780 2330; x_wconf 89' lang='lat' dir='ltr'><strong>quod</strong></span> <span class='ocrx_word' id='word_1_124' title='bbox 814 2247 1000 2310; x_wconf 85' lang='lat' dir='ltr'><strong>cardinalis</strong></span> <span class='ocrx_word' id='word_1_125' title='bbox 1035 2247 1308 2329; x_wconf 84' lang='lat' dir='ltr'><strong>praenominatus</strong></span> 
     </span>
     <span class='ocr_line' id='line_1_20' title="bbox 351 2343 1306 2429; baseline 0 -21"><span class='ocrx_word' id='word_1_126' title='bbox 351 2345 427 2429; x_wconf 89' lang='lat' dir='ltr'><strong>jam</strong></span> <span class='ocrx_word' id='word_1_127' title='bbox 458 2345 644 2427; x_wconf 85' lang='lat' dir='ltr'><strong>sterlingos</strong></span> <span class='ocrx_word' id='word_1_128' title='bbox 673 2346 765 2427; x_wconf 88' lang='lat' dir='ltr'><strong>regis</strong></span> <span class='ocrx_word' id='word_1_129' title='bbox 792 2343 932 2426; x_wconf 84' lang='lat' dir='ltr'><strong>Angliae</strong></span> <span class='ocrx_word' id='word_1_130' title='bbox 955 2346 1131 2420; x_wconf 88' lang='lat' dir='ltr'><strong>olfecerat,</strong></span> <span class='ocrx_word' id='word_1_131' title='bbox 1153 2345 1245 2409; x_wconf 93' lang='lat' dir='ltr'><strong>unde</strong></span> <span class='ocrx_word' id='word_1_132' title='bbox 1267 2346 1306 2408; x_wconf 90' lang='lat' dir='ltr'><strong>il·</strong></span> 
     </span>
     <span class='ocr_line' id='line_1_21' title="bbox 357 2438 1309 2527; baseline 0 -21"><span class='ocrx_word' id='word_1_133' title='bbox 357 2445 429 2507; x_wconf 91' lang='lat' dir='ltr'><strong>lum</strong></span> <span class='ocrx_word' id='word_1_134' title='bbox 444 2444 597 2527; x_wconf 90' lang='lat' dir='ltr'><strong>judicem</strong></span> <span class='ocrx_word' id='word_1_135' title='bbox 618 2452 817 2526; x_wconf 89' lang='lat' dir='ltr'><strong>suspectum</strong></span> <span class='ocrx_word' id='word_1_136' title='bbox 833 2438 1011 2508; x_wconf 86' lang='lat' dir='ltr'><strong>¹habebat.</strong></span> <span class='ocrx_word' id='word_1_137' title='bbox 1046 2443 1309 2526; x_wconf 89' lang='lat' dir='ltr'><strong>Archiepiscopi</strong></span> 
     </span>
     <span class='ocr_line' id='line_1_22' title="bbox 358 2540 1306 2626; baseline 0 -20"><span class='ocrx_word' id='word_1_138' title='bbox 358 2561 440 2606; x_wconf 82' lang='lat' dir='ltr'><strong>vero</strong></span> <span class='ocrx_word' id='word_1_139' title='bbox 467 2542 593 2626; x_wconf 91' lang='lat' dir='ltr'><strong>aliique</strong></span> <span class='ocrx_word' id='word_1_140' title='bbox 616 2550 809 2624; x_wconf 82' lang='lat' dir='ltr'><strong>magnates,</strong></span> <span class='ocrx_word' id='word_1_141' title='bbox 830 2543 884 2606; x_wconf 91' lang='lat' dir='ltr'><strong>his</strong></span> <span class='ocrx_word' id='word_1_142' title='bbox 910 2542 1051 2619; x_wconf 88' lang='lat' dir='ltr'><strong>auditis,</strong></span> <span class='ocrx_word' id='word_1_143' title='bbox 1073 2543 1149 2624; x_wconf 82' lang='lat' dir='ltr'><strong>regi</strong></span> <span class='ocrx_word' id='word_1_144' title='bbox 1170 2540 1306 2624; x_wconf 84' lang='lat' dir='ltr'><strong>Anglo·</strong></span> 
     </span>
     <span class='ocr_line' id='line_1_23' title="bbox 358 2639 1309 2723; baseline 0.001 -21"><span class='ocrx_word' id='word_1_145' title='bbox 358 2660 434 2703; x_wconf 91' lang='lat' dir='ltr'><strong>rum</strong></span> <span class='ocrx_word' id='word_1_146' title='bbox 457 2639 626 2704; x_wconf 92' lang='lat' dir='ltr'><strong>dederunt</strong></span> <span class='ocrx_word' id='word_1_147' title='bbox 647 2641 841 2718; x_wconf 91' lang='lat' dir='ltr'><strong>consilium,</strong></span> <span class='ocrx_word' id='word_1_148' title='bbox 858 2648 899 2705; x_wconf 91' lang='lat' dir='ltr'><strong>ut</strong></span> <span class='ocrx_word' id='word_1_149' title='bbox 922 2641 1148 2723; x_wconf 86' lang='lat' dir='ltr'><strong>petitionibus</strong></span> <span class='ocrx_word' id='word_1_150' title='bbox 1166 2640 1229 2703; x_wconf 89' lang='lat' dir='ltr'><strong>filii</strong></span> <span class='ocrx_word' id='word_1_151' title='bbox 1254 2642 1309 2704; x_wconf 87' lang='lat' dir='ltr'><strong>sui</strong></span> 
     </span>
     <span class='ocr_line' id='line_1_24' title="bbox 358 2739 1310 2821; baseline 0.005 -23"><span class='ocrx_word' id='word_1_152' title='bbox 358 2739 529 2821; x_wconf 86' lang='lat' dir='ltr'><strong>praeberet</strong></span> <span class='ocrx_word' id='word_1_153' title='bbox 547 2757 748 2819; x_wconf 67' lang='lat' dir='ltr'><strong>assensum</strong></span> <span class='ocrx_word' id='word_1_154' title='bbox 772 2740 915 2820; x_wconf 77' lang='lat' dir='ltr'><strong>dignum</strong></span> <span class='ocrx_word' id='word_1_155' title='bbox 937 2740 1027 2802; x_wconf 89' lang='lat' dir='ltr'><strong>enim</strong></span> <span class='ocrx_word' id='word_1_156' title='bbox 1050 2759 1126 2804; x_wconf 91' lang='lat' dir='ltr'><strong>esse</strong></span> <span class='ocrx_word' id='word_1_157' title='bbox 1147 2739 1310 2803; x_wconf 90' lang='lat' dir='ltr'><strong>dicebant</strong></span> 
     </span>
     <span class='ocr_line' id='line_1_25' title="bbox 360 2835 1310 2920; baseline 0.003 -22"><span class='ocrx_word' id='word_1_158' title='bbox 360 2842 400 2899; x_wconf 93' lang='lat' dir='ltr'><strong>ut</strong></span> <span class='ocrx_word' id='word_1_159' title='bbox 425 2835 497 2900; x_wconf 89' lang='lat' dir='ltr'><strong>filio</strong></span> <span class='ocrx_word' id='word_1_160' title='bbox 524 2856 586 2901; x_wconf 90' lang='lat' dir='ltr'><strong>suo</strong></span> <span class='ocrx_word' id='word_1_161' title='bbox 618 2844 653 2901; x_wconf 91' lang='lat' dir='ltr'><strong>et</strong></span> <span class='ocrx_word' id='word_1_162' title='bbox 681 2837 810 2900; x_wconf 88' lang='lat' dir='ltr'><strong>haeredi</strong></span> <span class='ocrx_word' id='word_1_163' title='bbox 837 2837 1005 2918; x_wconf 84' lang='lat' dir='ltr'><strong>legitimo,</strong></span> <span class='ocrx_word' id='word_1_164' title='bbox 1038 2838 1210 2920; x_wconf 91' lang='lat' dir='ltr'><strong>militique</strong></span> <span class='ocrx_word' id='word_1_165' title='bbox 1237 2845 1310 2901; x_wconf 89' lang='lat' dir='ltr'><strong>tam</strong></span> 
     </span>
     <span class='ocr_line' id='line_1_26' title="bbox 360 2935 1311 3018; baseline 0 -20"><span class='ocrx_word' id='word_1_166' title='bbox 360 2940 514 3011; x_wconf 90' lang='lat' dir='ltr'><strong>strenuo,</strong></span> <span class='ocrx_word' id='word_1_167' title='bbox 537 2936 689 3018; x_wconf 85' lang='lat' dir='ltr'><strong>aliquam</strong></span> <span class='ocrx_word' id='word_1_168' title='bbox 711 2935 932 2999; x_wconf 86' lang='lat' dir='ltr'><strong>securitatem</strong></span> <span class='ocrx_word' id='word_1_169' title='bbox 948 2935 1079 2999; x_wconf 82' lang='lat' dir='ltr'><strong>faceret</strong></span> <span class='ocrx_word' id='word_1_170' title='bbox 1097 2936 1140 2999; x_wconf 93' lang='lat' dir='ltr'><strong>de</strong></span> <span class='ocrx_word' id='word_1_171' title='bbox 1164 2935 1311 2999; x_wconf 86' lang='lat' dir='ltr'><strong>haeredi-</strong></span> 
     </span>
     <span class='ocr_line' id='line_1_27' title="bbox 361 3034 1311 3125; baseline 0 -28"><span class='ocrx_word' id='word_1_172' title='bbox 361 3040 434 3097; x_wconf 88' lang='lat' dir='ltr'><strong>tate</strong></span> <span class='ocrx_word' id='word_1_173' title='bbox 451 3053 516 3097; x_wconf 89' lang='lat' dir='ltr'><strong>sua</strong></span> <span class='ocrx_word' id='word_1_174' title='bbox 529 3035 689 3098; x_wconf 86' lang='lat' dir='ltr'><strong>habenda</strong></span> <span class='ocrx_word' id='word_1_175' title='bbox 704 3034 734 3097; x_wconf 89' lang='lat' dir='ltr'><strong>si</strong></span> <span class='ocrx_word' id='word_1_176' title='bbox 753 3035 867 3125; x_wconf 66' lang='lat' dir='ltr'><strong>ippum</strong></span> <span class='ocrx_word' id='word_1_177' title='bbox 885 3034 1157 3116; x_wconf 78' lang='lat' dir='ltr'><strong>supervixisset3</strong></span> <span class='ocrx_word' id='word_1_178' title='bbox 1184 3035 1311 3116; x_wconf 90' lang='lat' dir='ltr'><strong>quibus</strong></span> 
     </span>
     <span class='ocr_line' id='line_1_28' title="bbox 360 3132 1311 3215; baseline 0.001 -20"><span class='ocrx_word' id='word_1_179' title='bbox 360 3133 541 3215; x_wconf 89' lang='lat' dir='ltr'><strong>respondit</strong></span> <span class='ocrx_word' id='word_1_180' title='bbox 568 3152 644 3210; x_wconf 85' lang='lat' dir='ltr'><strong>rex,</strong></span> <span class='ocrx_word' id='word_1_181' title='bbox 672 3151 710 3196; x_wconf 89' lang='lat' dir='ltr'><strong>se</strong></span> <span class='ocrx_word' id='word_1_182' title='bbox 736 3132 936 3196; x_wconf 86' lang='lat' dir='ltr'><strong>nullatenus</strong></span> <span class='ocrx_word' id='word_1_183' title='bbox 966 3133 1031 3196; x_wconf 90' lang='lat' dir='ltr'><strong>hoc</strong></span> <span class='ocrx_word' id='word_1_184' title='bbox 1059 3133 1095 3196; x_wconf 92' lang='lat' dir='ltr'><strong>in</strong></span> <span class='ocrx_word' id='word_1_185' title='bbox 1125 3132 1187 3197; x_wconf 87' lang='lat' dir='ltr'><strong>tali</strong></span> <span class='ocrx_word' id='word_1_186' title='bbox 1215 3140 1311 3197; x_wconf 87' lang='lat' dir='ltr'><strong>statu</strong></span> 
     </span>
     <span class='ocr_line' id='line_1_29' title="bbox 361 3231 1312 3314; baseline 0.001 -21"><span class='ocrx_word' id='word_1_187' title='bbox 361 3231 546 3308; x_wconf 87' lang='lat' dir='ltr'><strong>facturum,</strong></span> <span class='ocrx_word' id='word_1_188' title='bbox 564 3232 727 3313; x_wconf 86' lang='lat' dir='ltr'><strong>quoniam</strong></span> <span class='ocrx_word' id='word_1_189' title='bbox 744 3232 778 3294; x_wconf 93' lang='lat' dir='ltr'><strong>id</strong></span> <span class='ocrx_word' id='word_1_190' title='bbox 796 3239 939 3295; x_wconf 87' lang='lat' dir='ltr'><strong>coactus</strong></span> <span class='ocrx_word' id='word_1_191' title='bbox 954 3233 1071 3313; x_wconf 89' lang='lat' dir='ltr'><strong>potius</strong></span> <span class='ocrx_word' id='word_1_192' title='bbox 1088 3250 1192 3314; x_wconf 90' lang='lat' dir='ltr'><strong>quam</strong></span> <span class='ocrx_word' id='word_1_193' title='bbox 1206 3249 1312 3313; x_wconf 93' lang='lat' dir='ltr'><strong>spon-</strong></span> 
     </span>
     <span class='ocr_line' id='line_1_30' title="bbox 362 3329 1311 3407; baseline 0 -14"><span class='ocrx_word' id='word_1_194' title='bbox 362 3337 486 3393; x_wconf 86' lang='lat' dir='ltr'><strong>taneus</strong></span> <span class='ocrx_word' id='word_1_195' title='bbox 503 3329 616 3394; x_wconf 83' lang='lat' dir='ltr'><strong>facere</strong></span> <span class='ocrx_word' id='word_1_196' title='bbox 629 3330 817 3394; x_wconf 88' lang='lat' dir='ltr'><strong>videretur.</strong></span> <span class='ocrx_word' id='word_1_197' title='bbox 861 3330 985 3394; x_wconf 90' lang='lat' dir='ltr'><strong>Comes</strong></span> <span class='ocrx_word' id='word_1_198' title='bbox 1001 3349 1084 3394; x_wconf 88' lang='lat' dir='ltr'><strong>vero</strong></span> <span class='ocrx_word' id='word_1_199' title='bbox 1100 3329 1311 3407; x_wconf 91' lang='lat' dir='ltr'><strong>Richardus,</strong></span> 
     </span>
     <span class='ocr_line' id='line_1_31' title="bbox 362 3423 1313 3510; baseline 0.001 -19"><span class='ocrx_word' id='word_1_200' title='bbox 362 3448 440 3491; x_wconf 89' lang='lat' dir='ltr'><strong>oum</strong></span> <span class='ocrx_word' id='word_1_201' title='bbox 466 3428 550 3492; x_wconf 87' lang='lat' dir='ltr'><strong>talia</strong></span> <span class='ocrx_word' id='word_1_202' title='bbox 574 3430 808 3510; x_wconf 82' lang='lat' dir='ltr'><strong>cognovisset,</strong></span> <span class='ocrx_word' id='word_1_203' title='bbox 829 3423 1050 3494; x_wconf 79' lang='lat' dir='ltr'><strong>²videntibns</strong></span> <span class='ocrx_word' id='word_1_204' title='bbox 1076 3429 1222 3505; x_wconf 88' lang='lat' dir='ltr'><strong>cunctis,</strong></span> <span class='ocrx_word' id='word_1_205' title='bbox 1249 3428 1313 3492; x_wconf 92' lang='lat' dir='ltr'><strong>ho·</strong></span> 
     </span>
     <span class='ocr_line' id='line_1_32' title="bbox 363 3526 1313 3608; baseline 0.001 -19"><span class='ocrx_word' id='word_1_206' title='bbox 363 3528 513 3607; x_wconf 81' lang='lat' dir='ltr'><strong>magiam</strong></span> <span class='ocrx_word' id='word_1_207' title='bbox 531 3526 614 3592; x_wconf 83' lang='lat' dir='ltr'><strong>fecit</strong></span> <span class='ocrx_word' id='word_1_208' title='bbox 630 3527 705 3608; x_wconf 83' lang='lat' dir='ltr'><strong>regi</strong></span> <span class='ocrx_word' id='word_1_209' title='bbox 725 3527 938 3591; x_wconf 88' lang='lat' dir='ltr'><strong>Francorum</strong></span> <span class='ocrx_word' id='word_1_210' title='bbox 958 3528 1001 3590; x_wconf 92' lang='lat' dir='ltr'><strong>de</strong></span> <span class='ocrx_word' id='word_1_211' title='bbox 1018 3534 1092 3591; x_wconf 91' lang='lat' dir='ltr'><strong>toto</strong></span> <span class='ocrx_word' id='word_1_212' title='bbox 1115 3533 1313 3590; x_wconf 89' lang='lat' dir='ltr'><strong>tenemento</strong></span> 
     </span>
     <span class='ocr_line' id='line_1_33' title="bbox 362 3626 1314 3708; baseline 0.002 -21"><span class='ocrx_word' id='word_1_213' title='bbox 362 3626 472 3705; x_wconf 87' lang='lat' dir='ltr'><strong>patris</strong></span> <span class='ocrx_word' id='word_1_214' title='bbox 490 3627 557 3702; x_wconf 89' lang='lat' dir='ltr'><strong>sui,</strong></span> <span class='ocrx_word' id='word_1_215' title='bbox 580 3626 672 3708; x_wconf 92' lang='lat' dir='ltr'><strong>quod</strong></span> <span class='ocrx_word' id='word_1_216' title='bbox 696 3626 739 3688; x_wconf 87' lang='lat' dir='ltr'><strong>ad</strong></span> <span class='ocrx_word' id='word_1_217' title='bbox 763 3646 908 3707; x_wconf 80' lang='lat' dir='ltr'><strong>regnum</strong></span> <span class='ocrx_word' id='word_1_218' title='bbox 924 3626 1083 3689; x_wconf 88' lang='lat' dir='ltr'><strong>Franciae</strong></span> <span class='ocrx_word' id='word_1_219' title='bbox 1105 3626 1314 3708; x_wconf 85' lang='lat' dir='ltr'><strong>pertinebat,</strong></span> 
     </span>
    </p>
   </div>
   <div class='ocr_carea' id='block_1_3' title="bbox 363 3868 1314 4208">
    <p class='ocr_par' dir='ltr' id='par_1_3' title="bbox 363 3868 1314 4208">
     <span class='ocr_line' id='line_1_34' title="bbox 399 3868 1314 3934; baseline 0.002 -17"><span class='ocrx_word' id='word_1_220' title='bbox 399 3868 567 3933; x_wconf 82' lang='lat' dir='ltr'><strong>¹Hobebat.]</strong></span> <span class='ocrx_word' id='word_1_221' title='bbox 596 3871 721 3920; x_wconf 82' lang='lat' dir='ltr'><strong>Matthew</strong></span> <span class='ocrx_word' id='word_1_222' title='bbox 749 3872 825 3920; x_wconf 89' lang='lat' dir='ltr'><strong>Paris</strong></span> <span class='ocrx_word' id='word_1_223' title='bbox 849 3873 894 3934; x_wconf 77' lang='lat' dir='ltr'><strong>ing</strong></span> <span class='ocrx_word' id='word_1_224' title='bbox 909 3886 978 3933; x_wconf 91' lang='lat' dir='ltr'><strong>upon</strong></span> <span class='ocrx_word' id='word_1_225' title='bbox 994 3870 1037 3920; x_wconf 87' lang='lat' dir='ltr'><strong>the</strong></span> <span class='ocrx_word' id='word_1_226' title='bbox 1054 3871 1168 3921; x_wconf 80' lang='lat' dir='ltr'><strong>cardinal</strong></span> <span class='ocrx_word' id='word_1_227' title='bbox 1185 3870 1271 3918; x_wconf 85' lang='lat' dir='ltr'><strong>sword</strong></span> <span class='ocrx_word' id='word_1_228' title='bbox 1287 3872 1314 3919; x_wconf 88' lang='lat' dir='ltr'><strong>in</strong></span> 
     </span>
     <span class='ocr_line' id='line_1_35' title="bbox 364 3939 927 3999; baseline 0.007 -13"><span class='ocrx_word' id='word_1_229' title='bbox 364 3939 438 3999; x_wconf 87' lang='lat' dir='ltr'><strong>adds,</strong></span> <span class='ocrx_word' id='word_1_230' title='bbox 445 3939 500 3987; x_wconf 88' lang='lat' dir='ltr'><strong>that</strong></span> <span class='ocrx_word' id='word_1_231' title='bbox 511 3939 553 3988; x_wconf 87' lang='lat' dir='ltr'><strong>the</strong></span> <span class='ocrx_word' id='word_1_232' title='bbox 561 3939 708 3990; x_wconf 83' lang='lat' dir='ltr'><strong>violenceof</strong></span> <span class='ocrx_word' id='word_1_233' title='bbox 712 3941 824 3990; x_wconf 84' lang='lat' dir='ltr'><strong>Richard</strong></span> <span class='ocrx_word' id='word_1_234' title='bbox 849 3940 927 3990; x_wconf 88' lang='lat' dir='ltr'><strong>hand.</strong></span> 
     </span>
     <span class='ocr_line' id='line_1_36' title="bbox 363 4007 1314 4072; baseline 0.001 -17"><span class='ocrx_word' id='word_1_235' title='bbox 363 4023 396 4055; x_wconf 90' lang='lat' dir='ltr'><strong>on</strong></span> <span class='ocrx_word' id='word_1_236' title='bbox 418 4008 469 4057; x_wconf 84' lang='lat' dir='ltr'><strong>this</strong></span> <span class='ocrx_word' id='word_1_237' title='bbox 488 4010 605 4058; x_wconf 83' lang='lat' dir='ltr'><strong>occasion</strong></span> <span class='ocrx_word' id='word_1_238' title='bbox 624 4024 679 4058; x_wconf 86' lang='lat' dir='ltr'><strong>was</strong></span> <span class='ocrx_word' id='word_1_239' title='bbox 696 4023 724 4058; x_wconf 91' lang='lat' dir='ltr'><strong>so</strong></span> <span class='ocrx_word' id='word_1_240' title='bbox 744 4015 825 4072; x_wconf 80' lang='lat' dir='ltr'><strong>great,</strong></span> <span class='ocrx_word' id='word_1_241' title='bbox 885 4007 1051 4059; x_wconf 69' lang='lat' dir='ltr'><strong>&#39;Videotibas</strong></span> <span class='ocrx_word' id='word_1_242' title='bbox 1073 4007 1205 4070; x_wconf 61' lang='lat' dir='ltr'><strong>ennom]</strong></span> <span class='ocrx_word' id='word_1_243' title='bbox 1233 4008 1314 4057; x_wconf 85' lang='lat' dir='ltr'><strong>‘Dis-</strong></span> 
     </span>
     <span class='ocr_line' id='line_1_37' title="bbox 363 4073 1314 4141; baseline 0.003 -18"><span class='ocrx_word' id='word_1_244' title='bbox 363 4076 418 4124; x_wconf 82' lang='lat' dir='ltr'><strong>that</strong></span> <span class='ocrx_word' id='word_1_245' title='bbox 436 4076 467 4125; x_wconf 89' lang='lat' dir='ltr'><strong>he</strong></span> <span class='ocrx_word' id='word_1_246' title='bbox 484 4092 539 4126; x_wconf 87' lang='lat' dir='ltr'><strong>was</strong></span> <span class='ocrx_word' id='word_1_247' title='bbox 555 4078 618 4126; x_wconf 86' lang='lat' dir='ltr'><strong>with</strong></span> <span class='ocrx_word' id='word_1_248' title='bbox 633 4079 756 4140; x_wconf 90' lang='lat' dir='ltr'><strong>difficulty</strong></span> <span class='ocrx_word' id='word_1_249' title='bbox 768 4094 825 4140; x_wconf 89' lang='lat' dir='ltr'><strong>pre·</strong></span> <span class='ocrx_word' id='word_1_250' title='bbox 849 4074 947 4128; x_wconf 88' lang='lat' dir='ltr'><strong>cinctus</strong></span> <span class='ocrx_word' id='word_1_251' title='bbox 966 4079 1061 4141; x_wconf 77' lang='lat' dir='ltr'><strong>gladio,</strong></span> <span class='ocrx_word' id='word_1_252' title='bbox 1083 4077 1200 4126; x_wconf 82' lang='lat' dir='ltr'><strong>adstante</strong></span> <span class='ocrx_word' id='word_1_253' title='bbox 1219 4082 1291 4138; x_wconf 89' lang='lat' dir='ltr'><strong>patre</strong></span> <span class='ocrx_word' id='word_1_254' title='bbox 1298 4073 1314 4138; x_wconf 88' lang='lat'><strong>;’</strong></span> 
     </span>
     <span class='ocr_line' id='line_1_38' title="bbox 368 4146 1103 4208; baseline 0.003 -16"><span class='ocrx_word' id='word_1_255' title='bbox 368 4146 455 4193; x_wconf 89' lang='lat' dir='ltr'><strong>vented</strong></span> <span class='ocrx_word' id='word_1_256' title='bbox 463 4148 497 4207; x_wconf 82' lang='lat' dir='ltr'><strong>by</strong></span> <span class='ocrx_word' id='word_1_257' title='bbox 506 4147 577 4196; x_wconf 85' lang='lat' dir='ltr'><strong>those</strong></span> <span class='ocrx_word' id='word_1_258' title='bbox 588 4152 689 4208; x_wconf 87' lang='lat' dir='ltr'><strong>present</strong></span> <span class='ocrx_word' id='word_1_259' title='bbox 697 4147 759 4198; x_wconf 81' lang='lat' dir='ltr'><strong>from</strong></span> <span class='ocrx_word' id='word_1_260' title='bbox 768 4147 824 4198; x_wconf 85' lang='lat' dir='ltr'><strong>inll·</strong></span> <span class='ocrx_word' id='word_1_261' title='bbox 850 4147 958 4199; x_wconf 87' lang='lat' dir='ltr'><strong>Gerves.</strong></span> <span class='ocrx_word' id='word_1_262' title='bbox 969 4148 1018 4197; x_wconf 89' lang='lat' dir='ltr'><strong>col.</strong></span> <span class='ocrx_word' id='word_1_263' title='bbox 1030 4151 1103 4195; x_wconf 75' lang='lat'><strong>15³⁷.</strong></span> 
     </span>
    </p>
   </div>
   <div class='ocr_carea' id='block_1_4' title="bbox 0 0 1432 4882">
    <p class='ocr_par' dir='ltr' id='par_1_4' title="bbox 0 0 1432 4882">
     <span class='ocr_line' id='line_1_39' title="bbox 0 0 1432 4882; baseline 0 0"><span class='ocrx_word' id='word_1_264' title='bbox 0 0 1432 4882; x_wconf 95' lang='lat' dir='ltr'><strong> </strong></span> 
     </span>
    </p>
   </div>
  </div>
 </body>
</html>
