2820 4882
425 423 563 473 rnonns
586 426 857 476 ursronranuu.
1056 415 1121 480 103

170 599 264 663 pans,
275 589 338 647 aut
346 584 477 650 intrare
487 586 644 652 volentes
659 588 784 670 gladiis
795 589 993 666 obtruncat,
1004 599 1066 654 aut
1082 593 1117 655 in
1132 611 1187 652 nn.
1199 613 1253 652 roos.

168 683 337 767 principes
358 685 438 750 illos
458 688 681 771 insequentes
701 689 812 752 redire
833 689 1005 771 perituros
1023 711 1115 754 com·
1129 662 1283 754 nimiis..

165 782 280 864 pellit;
309 784 360 849 sic
377 806 461 869 ergo
476 807 556 852 curn
573 808 636 852 nco
652 789 707 853 bic
730 808 794 852 nec
816 789 899 852 alibi
921 790 1114 872 principum

163 882 325 965 impetus,
347 904 519 951 armorum
543 889 758 966 instantiam,
775 889 933 971 ictusque
951 891 1117 972 importa-

163 983 248 1048 biles
275 985 448 1050 sustinere
470 987 601 1052 diutius
629 990 794 1066 valerent,
826 989 949 1053 salutis
975 992 1115 1055 unicum

162 1085 350 1149 remedium
364 1086 449 1168 suga
465 1097 552 1166 erat,
570 1108 640 1171 quo
655 1089 813 1153 frustrati
835 1089 972 1170 penitus
990 1090 1115 1171 gladiis

93 1269 97 1277 .
160 1187 291 1265 passim
316 1187 497 1252 caeduntur
527 1197 562 1252 et
592 1197 751 1271 pereunt.
803 1187 967 1253 Axianus
998 1197 1114 1255 autem

160 1285 327 1367 populum
359 1307 459 1351 suum
491 1290 628 1371 penitus
660 1289 803 1352 deficere
839 1287 960 1353 videns
995 1298 1114 1372 portas

160 1386 319 1468 praecipit
348 1388 413 1450 sub
444 1389 537 1452 omni
567 1389 744 1452 celeritate
771 1387 908 1471 aperiri,
933 1397 1113 1454 uteorum

161 1484 285 1549 saltem
305 1485 471 1569 reliquias
493 1488 559 1551 sub
586 1494 662 1553 tuto
689 1488 903 1570 permitteret
929 1489 1111 1570 collocari;

160 1594 315 1650 reserato
338 1587 446 1668 igitur
470 1589 579 1666 aditu,
603 1596 703 1652 tanta
729 1608 834 1672 super
859 1596 999 1671 pontem
1022 1591 1112 1672 fugi-

161 1685 289 1750 entium
318 1688 528 1770 conglobata
559 1696 614 1753 est
640 1690 754 1765 turba,
786 1695 972 1770 tantusque
998 1690 1111 1755 factus

161 1787 342 1864 tumultus,
358 1796 399 1852 ut
414 1808 451 1852 se
465 1790 614 1853 invicem
635 1790 900 1872 comprimentes
915 1790 950 1851 in
967 1788 1109 1854 fluvium

161 1887 435 1968 praecipitaretur
459 1909 578 1952 eorum
610 1908 773 1952 numerus
806 1889 972 1953 infinitus.
1026 1890 1110 1954 Dux

161 2005 296 2070 quoque
320 1986 543 2066 Godesridus,
571 1995 756 2072 postquam
783 1991 820 2053 in
854 1988 918 2052 hoc
946 1988 1110 2053 conflictu

160 2087 346 2151 multorum
368 2090 484 2172 capita
509 2090 732 2154 loricatorum
762 2090 837 2152 sine
866 2089 955 2152 ictus
983 2090 1109 2169 repoti-

160 2187 251 2250 tione
268 2187 373 2252 solita
389 2189 497 2253 fultus
515 2191 644 2254 virtute
662 2195 916 2272 amputaverat,
939 2206 1044 2250 unum
1064 2210 1108 2253 ex

160 2285 283 2352 ancis
319 2289 354 2351 in
394 2298 532 2354 nostros
570 2291 765 2372 protervius
795 2289 994 2364 instantem,
1027 2288 1108 2353 licet

133 2465 135 2469 7
159 2386 264 2453 lorica
284 2388 456 2467 indutum,
478 2410 541 2473 per
563 2389 712 2454 medium
734 2409 813 2453 cum
835 2388 953 2470 gladio
976 2387 1107 2466 divisit,

158 2486 205 2551 ita
220 2495 262 2552 nt
278 2507 361 2571 pars
378 2491 422 2554 ab
439 2491 601 2554 umbilico
619 2490 777 2572 superior
800 2489 844 2553 ad
863 2495 989 2552 terram
1005 2489 1107 2553 cade·

156 2595 219 2665 ret,
252 2589 387 2672 reliqua
411 2598 511 2674 parte
535 2610 639 2674 super
670 2609 809 2671 equum,
832 2589 888 2652 cui
921 2588 1106 2667 insederat,

157 2687 248 2752 intra
268 2691 387 2754 urbem
402 2711 506 2755 cursu
529 2690 649 2773 rapido
671 2690 889 2765 introducta3
917 2707 1027 2770 equus
1044 2709 1105 2752 au-

158 2795 225 2852 tem
249 2789 437 2855 hinniendo
464 2791 555 2855 inter
576 2791 711 2855 Turcos
733 2790 801 2853 huc
823 2788 986 2869 illucque,
1009 2807 1050 2851 ac
1075 2791 1105 2853 si

157 2888 326 2955 diabolica
339 2899 431 2955 esset
446 2892 604 2956 invectus
620 2890 722 2968 iuria,
735 2889 943 2966 discurrenS,
960 2890 1105 2952 sessoris

157 3007 281 3073 corpus
299 2992 343 3056 ab
364 2991 526 3056 umbilico
550 2990 712 3056 deorsum
742 3008 877 3071 gerens,
906 2977 1105 3071 omnesqui

155 3089 316 3156 viderunt
330 3091 424 3156 illius
439 3093 489 3156 rei
506 3091 692 3174 perterruit
705 3091 872 3154 novitate.
901 3087 985 3152 Dux
1002 3089 1105 3152 etiam

157 3188 437 3257 Normannorum
462 3192 651 3269 Robertus,
672 3191 778 3255 alium
801 3191 867 3254 sibi
884 3190 985 3252 nimis
1001 3189 1105 3251 inses-

155 3297 224 3355 tum
251 3293 289 3363 in
318 3293 432 3376 capite
461 3293 669 3377 percutiens,
700 3290 836 3373 galeam
866 3296 902 3353 et
933 3289 1104 3372 clypeum,

154 3401 270 3475 caput,
291 3392 411 3458 dentes
434 3400 470 3457 et
492 3393 630 3470 collum,
656 3399 696 3456 ut
713 3392 811 3455 solet
832 3390 972 3454 ovicula
991 3408 1013 3452 a
1030 3409 1104 3452 car·
1181 3405 1183 3409 “

155 3493 265 3572 nilice,
290 3513 401 3576 usque
430 3494 466 3556 in
501 3502 623 3578 pectus
657 3493 815 3557 deorsum
850 3488 972 3553 diffidit
989 3488 1003 3568 ;'
1035 3509 1104 3571 quo

62 3586 65 3595 ’
154 3603 275 3659 ruente
296 3595 333 3657 in
359 3602 498 3671 terram,
523 3597 573 3659 ait
594 3594 784 3670 RobertuS,
814 3590 1005 3654 ‘Omnibus
1035 3597 1105 3652 tar-

154 3695 258 3758 tareis
290 3694 456 3759 ministris
490 3696 640 3759 animam
670 3700 765 3757 tuam
797 3698 972 3756 cruentam
1012 3708 1105 3752 com·

153 3793 300 3859 mendo?
352 3794 560 3860 Ceciderunt
576 3813 714 3876 quoque
731 3793 792 3856 illa
810 3791 865 3854 die
882 3810 927 3853 ex
947 3788 1103 3853 hostibus

153 3895 252 3976 quasi
269 3895 313 3959 ad
326 3894 395 3960 duo
409 3895 519 3960 millia
534 3895 740 3970 Turcorum,
752 3900 799 3968 et,
814 3891 880 3954 nisi
895 3909 966 3953 nox
983 3908 1103 3972 super·-

153 3997 295 4060 veniens
315 3995 442 4060 bellum
464 3996 712 4078 dirempsisset,
736 3992 838 4054 finem
856 3990 976 4074 procul
999 3990 1103 4056 dubio

151 4095 211 4159 illa
228 4097 286 4161 die
300 4094 557 4160 Antiochenum
575 4095 752 4176 negotium
767 4092 957 4155 habuisset.
1000 4091 1103 4156 Com-

153 4204 287 4278 pereum
308 4205 362 4263 est
379 4196 525 4262 fideliter
547 4217 569 4260 a
593 4195 720 4259 nostris
744 4214 806 4278 per
831 4192 989 4274 captivos
1014 4191 1103 4254 Tur-
