2820 4882
398 431 537 480 neonus
560 433 831 483 nrsronrsnuu.
1044 418 1089 483 75

133 589 313 670 regionem
330 597 441 655 totam
461 611 540 655 cum
563 591 759 674 legionibus
780 593 852 657 suis
875 593 1087 677 depopulari·
1101 609 1157 652 An
1168 609 1225 648 ¹⁰⁹⁶·

135 697 189 752 tes
211 689 397 772 affligunt3
424 691 489 755 hoc
507 693 651 756 audiens
672 693 862 777 imperator
882 695 1021 759 nuntios
1044 694 1087 759 ad
1100 660 1252 752 ιιωοῗῗιῖιῖει.

136 789 259 853 ducem
286 790 419 873 dirigit,
442 812 570 874 rogans
596 801 636 857 ut
661 813 683 857 a
710 795 830 876 praeda
856 815 893 859 se
925 795 1089 860 cohibens

135 888 270 954 nobiles
295 891 440 973 recipiat
457 893 651 975 expeditos.
704 894 789 957 Dux
812 895 929 976 igitur,
954 895 1089 977 pacatis

134 989 347 1071 legionibus,
365 989 703 1076 Constantinopolim
719 996 888 1077 pervenit,
904 995 962 1059 ubi
984 996 1089 1059 etiam

135 1089 323 1172 praedictos
348 1092 481 1156 nobiles
496 1093 684 1157 incolumes
705 1094 879 1177 suscepit;
907 1103 1007 1160 erant
1028 1114 1089 1159 au-

136 1197 208 1253 tem
238 1210 320 1254 cum
338 1189 493 1274 Hugone
508 1213 636 1276 magno
654 1194 774 1277 Drogo
792 1195 835 1259 de
854 1194 991 1272 Neella,
1010 1193 1090 1259 Cla-

136 1290 326 1355 renbaldus
351 1291 395 1356 de
411 1291 599 1371 Vendolio,
614 1293 813 1359 Willelmus
830 1293 1091 1378 Carpentarius,

136 1390 199 1473 qui
215 1410 338 1456 omnes
353 1391 432 1457 duci
455 1394 498 1457 de
515 1413 580 1458 sua
594 1394 798 1460 liberatione
821 1397 953 1477 gratias
975 1397 1090 1460 exsol-

137 1497 276 1556 verunt.

329 1666 379 1730 Dc
394 1667 575 1752 wabrince
589 1667 775 1752 imperatore
788 1666 909 1732 Auru.

190 1789 343 1854 Alexius
368 1799 486 1856 autem
511 1793 701 1875 imperator
718 1791 932 1871 Graecorum,
956 1793 1010 1857 vir
1031 1812 1092 1856 ne·
1077 1813 1217 1904 'xm‘
1192 1823 1252 1862 perot

137 1909 245 1973 quam
262 1898 299 1955 et
311 1892 490 1970 subdoluS,
501 1912 578 1956 cum
593 1893 708 1956 essct
699 1913 734 1956 ιιι
746 1891 877 1975 palatio
893 1887 1093 1958 ¹Nicbofori

140 1992 408 2073 predecessoris
438 1993 492 2056 sui
524 2012 679 2056 summus
707 2001 743 2057 et
767 1993 926 2075 princeps
948 1992 1093 2070 militiae,

140 2099 264 2156 contra
296 2091 471 2157 dominum
503 2113 605 2156 suum
639 2092 817 2157 maliciose
857 2092 1093 2170 recalcitrans,

139 2193 265 2273 quinto
281 2192 337 2256 vel
362 2198 464 2257 sexto
487 2199 569 2258 ante
593 2192 683 2257 hane
706 2193 961 2277 expeditionem
989 2213 1093 2271 anno,

140 2292 282 2356 domino
305 2293 460 2374 depulso,
478 2293 659 2376 imperium
684 2294 860 2358 invaserat
883 2301 919 2357 et
934 2293 1092 2357 invasum

142 2393 305 2474 nequiter
328 2392 525 2473 detinebat;
559 2413 695 2476 semper
719 2394 934 2476 propositum
963 2394 1093 2458 babens

142 2491 287 2556 fallendi
310 2511 404 2575 saepo
426 2513 505 2558 cum
530 2494 721 2577 peregrinis
737 2495 843 2558 verba
870 2494 1017 2577 pacifica
1041 2485 1097 2559 lo?

142 2593 316 2675 quebatur
330 2594 366 2656 in
381 2593 474 2671 dolo,
488 2602 687 2676 suspectam
703 2593 837 2678 jugiter
851 2593 981 2659 babens
1007 2595 1094 2659 mul·

145 2693 331 2757 titudinem
356 2712 458 2758 cruce
486 2694 702 2775 signatorum
725 2702 760 2758 et
786 2694 917 2759 militiae
941 2696 1094 2777 probita-

145 2800 228 2858 tem.
282 2793 397 2871 Unde,
422 2794 452 2857 si
475 2786 682 2877 quandoque
704 2814 828 2858 nocere
846 2797 1008 2874 cessavit,
1025 2815 1094 2860 non

144 2893 211 2957 boc
226 2894 369 2958 virtutis
396 2895 545 2971 exstitit,
569 2895 630 2958 sed
652 2894 806 2975 timoris3
835 2914 914 2959 nam
930 2896 1002 2960 dux
1020 2894 1094 2960 Go-

145 2993 300 3057 deiridns
322 3014 400 3058 cum
426 3001 508 3059 ante
535 2996 654 3059 urbem
671 2994 1095 3078 Constantinopolitanam

144 3095 298 3158 tentoria
312 3095 457 3174 fixisset,
471 3095 599 3158 adsunt
614 3095 726 3158 nuntii
739 3095 968 3178 imperatoris,
982 3097 1096 3179 ipsum

145 3193 273 3257 ducem
286 3194 488 3272 invitantes,
506 3202 545 3259 ut
561 3195 606 3259 ad
622 3196 863 3278 imperatorem
880 3216 957 3259 curn
973 3196 1095 3279 paucis

145 3294 292 3359 introire
307 3295 458 3359 festinet.
503 3295 588 3359 Dux
599 3315 694 3373 vero,
705 3294 822 3359 habito
838 3296 997 3373 concilio,
1014 3295 1097 3360 illuc

146 3395 199 3458 ire
216 3394 364 3473 distulit,
388 3395 478 3458 unde
500 3395 688 3478 indignans
709 3397 896 3478 imperator
914 3395 1025 3460 forum
1043 3415 1097 3460 re-

147 3513 227 3556 rum
245 3496 419 3559 venalium
440 3495 537 3559 ducis
562 3489 756 3578 legionibus
773 3495 971 3576 interdixit3
994 3517 1098 3579 porro

142 3595 324 3678 principes
347 3595 590 3660 alimentorum
615 3603 808 3661 metuentes
832 3596 1013 3673 defectum,
1038 3617 1101 3679 per

148 3695 352 3759 suburbana
376 3695 479 3778 longe
500 3695 640 3778 lateque
667 3695 840 3760 hostiliter
856 3695 1099 3773 discurrentes,

148 3814 275 3876 greges
299 3795 453 3878 undique
474 3795 684 3860 contrahunt
706 3803 741 3859 et
767 3803 935 3873 armenta,
959 3804 994 3860 et
1020 3804 1099 3860 tan·

148 3902 221 3958 tam
248 3895 285 3958 in
300 3901 418 3960 castra
436 3896 676 3961 alimentorum
699 3895 858 3959 deferunt
874 3896 1099 3978 opulentiam,

148 4002 189 4058 ut
205 4015 316 4078 usque
338 3995 382 4059 ad
400 3996 596 4060 satietatem
613 3996 717 4059 etiam
737 3995 886 4059 minores
903 3997 1098 4078 abundent;

144 4147 312 4156 .--—-—-—-.--

436 4237 442 4266 ¹
457 4236 606 4303 Nicbo'sori]
623 4235 770 4302 ‘Nicoforiss
785 4243 814 4290 Ο.
