2820 4882
383 400 522 448 ruonns
545 401 813 450 nrsronmauu.
1007 383 1074 447 209

123 573 242 619 corum
269 558 380 639 perito
406 558 574 641 originem
598 567 633 622 et
657 577 861 642 procursum
883 560 975 640 regis
1002 558 1206 623 Lo·A·1>.1u³·

121 654 246 720 dowici
271 666 455 740 quaereret,
474 658 666 741 respondit,
687 658 847 740 ‘Regum
868 659 1068 740 potentissi-

120 754 200 832 me,'
210 757 383 839 iuquiens,
400 763 410 792 ‘
424 759 514 822 sicut
525 757 700 841 pleraeque
711 766 833 840 gentes
846 759 1008 841 Europae,
1018 759 1068 825 ita

123 854 263 934 Franci,
277 877 300 921 a
310 856 474 942 Trojanis
491 858 660 938 originem
675 858 851 922 duxerunt
864 858 885 937 ;'
903 866 1029 922 etcum
1047 879 1068 922 a

120 955 260 1035 gemino
276 976 344 1021 ovo
361 977 497 1022 omnem
519 977 638 1039 regum
655 957 813 1022 Franciae
829 958 1067 1039 genealogiam

121 1054 273 1120 texendo
289 1056 504 1139 replicasset,
516 1057 560 1121 ad
582 1056 740 1121 ultimum
755 1057 951 1141 subjunxit,
965 1057 1068 1120 ‘Phi-

118 1151 248 1236 lippus,
275 1176 338 1219 rex
363 1157 588 1234 Francorum,
614 1158 734 1239 genuit
758 1157 980 1222 Lodowicum
1005 1158 1065 1239 qui

118 1262 245 1335 regnat
264 1255 301 1318 in
320 1257 495 1340 praesenti,
517 1257 589 1339 qui,
607 1256 637 1318 si
658 1257 842 1338 probitatis
866 1265 1065 1321 antecesso-

118 1372 194 1416 rum
213 1374 355 1420 suorum
371 1357 521 1437 vestigia
538 1362 683 1433 teneret,
707 1363 778 1420 tem
794 1374 914 1419 secure
934 1357 969 1419 iu
988 1377 1065 1438 reg·

120 1453 264 1537 noejus
290 1475 359 1519 uon
381 1457 577 1538 quiesceres
588 1454 608 1535 3'
637 1463 720 1519 tuuc
742 1476 804 1519 rex
827 1456 1008 1520 subridens
1028 1457 1065 1520 in

121 1550 371 1618 Normauniam
397 1555 575 1619 remeavit.
627 1552 780 1619 Advenit
802 1563 919 1619 autem
945 1556 1065 1620 eodem

118 1660 273 1736 tempore
289 1674 311 1718 a
328 1655 486 1737 partibus
506 1653 704 1718 Germaniae
727 1655 798 1718 dux
815 1656 954 1738 quidam
971 1656 1064 1720 The·

117 1752 291 1832 odoricus,
310 1773 392 1837 rege
418 1753 573 1819 Heurico
599 1763 819 1838 procurante,
840 1756 1011 1821 hostiliter
1028 1758 1063 1819 in

120 1852 332 1930 Flandriam,
346 1855 512 1936 quosdam
525 1873 684 1937 proceres
701 1855 933 1920 Flandreuses
948 1874 1063 1919 secum

117 1952 279 2034 trahens3
302 1954 364 2017 sed
378 1973 491 2019 comes
506 1954 703 2019 Willelmus
722 1955 860 2019 obviam
876 1956 972 2019 venit
988 1975 1064 2018 cum

119 2053 238 2133 paucis
252 2053 448 2134 agminibus
462 2054 641 2118 ordinatis.
676 2053 877 2135 Pugnatum
889 2061 942 2116 est
955 2053 1066 2117 utrin-

119 2172 185 2234 que
213 2153 373 2231 viriliter,
400 2153 460 2217 sed
485 2153 607 2218 consul
635 2151 858 2217 Flandreusis
886 2171 1064 2216 numerum

117 2271 270 2329 suorum,
293 2272 372 2316 cum
398 2254 500 2335 pauci
522 2260 650 2330 essent,
677 2252 870 2316 invincibili
893 2252 1065 2333 probitate

118 2351 325 2434 supplebat3
350 2360 512 2417 cruentus
527 2352 669 2415 enimin
684 2352 789 2415 armis
803 2370 885 2414 ense
900 2350 1063 2416 fulmineo

118 2470 245 2515 cuneos
270 2451 420 2516 hostium
452 2451 616 2529 findebat,
643 2471 706 2516 uec
734 2458 922 2534 potuerunt
947 2450 1063 2516 hostes

118 2549 269 2632 perferre
296 2552 447 2616 terribile
477 2550 613 2634 pondus
641 2551 773 2615 brachii
795 2550 948 2633 juvenis,
969 2550 1063 2632 fugae

118 2648 224 2715 dediti
242 2658 280 2716 et
295 2651 503 2716 horribiliter
520 2650 689 2733 dissipati.
722 2651 941 2715 Victoriosns
956 2651 1064 2731 igitur

118 2770 232 2815 comes
265 2749 474 2827 Willelmus,
508 2751 590 2814 dum
622 2759 774 2815 castrum
797 2744 909 2832 ¹Angi
942 2757 1064 2814 contra

118 2869 235 2931 regem
253 2850 444 2915 Henricum
464 2851 656 2915 obsedisset
677 2857 712 2913 et
733 2850 770 2912 in
790 2850 941 2913 crastino
967 2849 1063 2913 reddi

119 2949 305 3026 debuisset,
327 2950 485 3015 hostibus
506 2950 581 3034 jem
603 2969 703 3033 paene
723 2947 933 3032 subjugatis,
953 2968 1063 3031 parvo

118 3049 260 3115 vulnere
290 3050 382 3113 idem
411 3050 552 3135 juvenis
581 3050 618 3112 in
647 3068 753 3112 manu
782 3048 852 3112 telo
880 3067 1064 3129 percussus
1134 3046 1136 3050 ’

119 3149 262 3228 interiit,
292 3150 352 3214 sed
381 3157 498 3214 tamen
531 3156 688 3213 mortuus
718 3147 845 3210 famam
875 3147 1065 3229 promeruit

119 3257 295 3313 aeternam.
348 3249 477 3313 Eodem
506 3268 598 3313 anno
627 3241 821 3311 ²Ranulfus
853 3246 1065 3309 Dunelmen·

118 3348 166 3411 sis
182 3355 218 3412 et
234 3348 431 3414 Willelmus
446 3347 700 3413 Wintoniensis
724 3345 876 3428 episcopi
893 3345 1063 3422 obierunt,

120 3454 155 3511 et
176 3449 344 3530 magister
364 3442 491 3531 ⁸Hugo
517 3449 559 3512 de
584 3447 712 3512 Sancto
735 3445 880 3508 Victore
902 3445 1065 3509 chronica

119 3566 183 3612 sua
197 3547 264 3612 huc
278 3567 388 3631 usque
404 3548 560 3630 digessit.

153 3729 367 3796 ¹Angi,]orEu.
396 3733 507 3782 william
519 3732 579 3781 died
604 3731 644 3779 his
661 3729 738 3778 death
754 3729 797 3777 the
815 3742 858 3778 see
879 3727 1008 3776 remnined
1024 3742 1068 3776 va·

120 3802 176 3853 oia
192 3803 286 3852 wonnd
304 3803 422 3853 received
439 3803 466 3852 in
476 3802 535 3852 Alst
551 3816 580 3849 or
605 3805 663 3849 cunt
673 3800 721 3848 five
733 3812 822 3860 years,
839 3798 944 3858 Turget.

120 3873 201 3934 Aloet,
217 3874 337 3935 besieged
354 3873 389 3934 by
405 3873 448 3921 the
466 3872 535 3921 duke
555 3869 583 3919 oi
640 3867 737 3931 ⁸Hngo
749 3870 777 3916 de
789 3868 878 3916 Sancto
894 3866 1011 3928 Victore]
1024 3865 1066 3914 He

122 3943 244 4005 Louvaiu,
266 3943 309 3993 the
332 3943 391 3993 leth
409 3941 482 4005 July.
519 3942 581 3990 Rec.
606 3939 666 3988 died
688 3940 714 3986 in
735 3942 798 3986 1140
816 3952 844 3984 or
862 3939 936 3995 1142,
954 3935 1067 3997 scarcely

121 4013 419 4074 desuetudinem.
607 4008 743 4068 iorty-four
759 4020 833 4068 years
852 4006 881 4054 oi
897 4019 961 4066 age;
1000 4005 1066 4066 Pagi

153 4080 293 4142 'nando
306 4079 499 4144 Derrima]
508 4080 584 4141 Upon
608 4079 641 4128 ed
653 4093 694 4127 nn.
707 4079 781 4138 1140,
791 4076 805 4138 t
816 4075 851 4123 ix.

170 4222 249 4270 veh.
267 4221 303 4267 11.
901 4217 919 4262 P
