2820 4882
389 421 528 470 ruonns
553 422 824 472 srsronrsnou.
1017 406 1083 469 415

130 581 311 645 obedirent
335 580 487 644 omnium
524 581 680 662 gentium
712 581 883 657 nationes,
913 581 1080 664 adjiciens
1094 602 1217 642 nonio.

130 701 214 762 ergo
249 688 289 744 ut
318 681 513 744 universam
539 680 605 744 sibi
634 679 931 744 christianitatem
961 682 1081 765 subju·

133 788 245 862 garet,
274 781 427 844 intrante
449 780 472 844 J
477 781 545 843 ulio
574 799 704 856 mense,
735 780 758 844 J
762 780 925 844 ordanem
955 783 1080 844 transi-

132 882 198 956 vit,
217 887 346 943 terram
375 880 467 944 circa
493 886 645 943 castrum
669 878 794 956 Crach‚
819 881 911 962 quod
936 882 1081 964 antiqua

133 981 369 1062 appellatione
386 979 516 1043 ‘Petra
536 979 684 1042 deserti’
705 979 896 1056 dicebatur,
918 980 1080 1044 devasta-

134 1081 198 1156 vit,
213 1080 345 1143 cibaria
361 1080 512 1161 collegit.
555 1078 690 1142 Deinde
706 1079 892 1160 Neapolim
910 1081 1080 1144 transiens

135 1179 255 1243 villam
286 1179 452 1261 spoliavit
485 1185 520 1242 et
550 1185 674 1260 postea
703 1179 959 1257 concremavit3
1001 1179 1080 1243 inde

134 1278 358 1361 progrediens
386 1278 431 1342 ad
452 1279 573 1342 urbem
595 1277 807 1341 Sebastaeam
828 1280 998 1359 pervenit,
1021 1280 1081 1343 ubi

133 1379 316 1460 episcopus
339 1377 492 1442 civitatis
505 1378 624 1442 villam
646 1384 682 1441 et
698 1378 877 1441 ecclesiam
900 1397 999 1442 suam
1021 1398 1079 1442 oc-

135 1479 272 1560 toginta
293 1478 442 1560 captivis
465 1478 629 1555 redemit3
657 1476 736 1540 inde
753 1475 919 1541 Arabiam
938 1479 1080 1543 veniens

135 1597 210 1642 eam
226 1577 410 1654 destruxit,
427 1579 510 1642 viris
524 1584 560 1641 et
574 1577 774 1640 mulieribus
791 1578 989 1660 captivatis.
1022 1578 1082 1643 Ad

133 1697 295 1759 magnum
313 1677 394 1741 inde
408 1676 578 1741 Gerinum
596 1677 768 1740 transiens
791 1685 943 1742 castrum
965 1679 1081 1756 diruit,

136 1784 183 1854 et,
208 1777 414 1860 quibusdam
442 1777 640 1860 captivatis,
664 1776 825 1840 mulieres
853 1784 890 1840 et
917 1779 1082 1860 parvulos

135 1876 328 1955 interfecit3
358 1877 439 1941 inde
467 1877 512 1940 ad
535 1896 680 1958 parvum
703 1875 882 1953 Gerinum,
904 1895 984 1957 quae
999 1877 1083 1941 villa

136 1984 190 2041 est
216 1977 349 2059 templi,
376 1996 452 2041 eam
478 1976 643 2053 vastavit,
667 1982 703 2039 et
731 1975 894 2039 recedens
917 1995 980 2058 per
1005 1995 1081 2040 cas-

134 2085 226 2140 trum
247 2077 420 2159 quoddam
445 2076 629 2159 hospitale,
653 2075 745 2158 quod
773 2075 971 2140 Belverium
997 2075 1082 2139 dici-

135 2184 204 2252 tur,
229 2177 434 2259 quibusdam
458 2177 570 2258 captis
596 2183 632 2240 et
649 2175 857 2257 quibusdam
877 2175 1082 2253 interfectis,

135 2277 288 2340 recessit.

137 2451 225 2531 Quod
238 2440 475 2538 rovoplorom
484 2451 612 2536 olipitor
627 2450 661 2515 io
677 2470 774 2536 repom
785 2447 1084 2533 Hierosolymorum.

62 2637 66 2643 .
187 2575 329 2640 Mortuo
343 2576 476 2640 interea
492 2575 707 2651 Baldewino,
724 2593 808 2656 rege
823 2573 1083 2658 Hierosolyma·
1096 2603 1164 2642 neto
1174 2604 1198 2642 or

136 2696 212 2740 rum
233 2677 384 2758 leproso,
409 2675 570 2757 regnavit
590 2694 654 2756 pro
676 2695 718 2739 eo
741 2674 976 2752 Baldewinus,
997 2694 1085 2757 puer
1095 2654 1191 2693 ΝΜ
1201 2653 1238 2692 ¹v'

136 2776 288 2859 quinque
314 2795 495 2852 annorum,
513 2794 620 2857 nepos
644 2774 720 2858 ejus
742 2794 788 2838 ex
811 2794 929 2839 sorore
950 2775 1085 2857 Sybilla

135 2884 170 2940 et
185 2875 373 2952 Willelmo,
388 2874 584 2938 marchione
600 2873 901 2951 Montis-Ferrati,
921 2875 1058 2956 genitus
1074 2895 1083 2954 ;

136 2976 196 3058 qui
215 2975 333 3038 statim
349 2975 384 3037 in
405 2993 521 3056 regem
541 2981 726 3037 coronatus
743 2972 951 3048 Reimnndo,
967 2973 1084 3037 comiti

136 3075 367 3157 Tripolitano,
393 3074 622 3138 committitur
650 3072 864 3136 nutriendus.
915 3071 1083 3137 Videntes

136 3176 244 3256 igitur
267 3174 380 3239 clerus
406 3181 442 3238 et
464 3174 613 3256 populus
641 3193 785 3254 rognum
808 3171 844 3234 in
872 3191 959 3235 enm
980 3172 1083 3236 deve·

136 3276 229 3339 nisse
253 3281 397 3351 statum,
422 3275 458 3337 in
489 3292 591 3354 quem
619 3293 690 3336 non
719 3279 837 3355 posset
868 3272 927 3335 diu
953 3272 1087 3336 subsis-

137 3381 218 3452 tere,
240 3374 321 3456 quid
343 3374 435 3438 sacto
456 3391 543 3455 opus
568 3374 626 3450 sit,
643 3373 826 3454 diligenter
848 3380 1088 3454 pertractant,

136 3483 172 3538 et
197 3494 275 3538 cum
296 3493 368 3556 pax
388 3473 566 3537 Salaadini
587 3473 773 3537 haberetur
792 3479 965 3554 suspecta,
985 3479 1020 3536 et
1042 3472 1084 3535 de

136 3594 216 3656 rege
250 3594 357 3656 puero
392 3573 478 3637 nihil
515 3573 655 3637 remedii
690 3573 907 3654 sperabatur,
944 3571 1083 3635 tandem

136 3694 242 3737 uuum
265 3680 341 3737 erat
362 3673 520 3737 omnibus
544 3671 736 3748 consilium,
758 3679 798 3734 ut
824 3672 868 3735 ad
892 3672 1085 3736 Henricum

137 3794 252 3855 regem
281 3771 475 3854 Anglornm
506 3773 639 3853 legatos
666 3772 856 3848 mitterent,
890 3772 949 3854 qui
981 3772 1013 3835 ei
1040 3791 1085 3834 ex

135 3879 235 3955 parte
249 3873 485 3936 universitatis
502 3872 600 3953 regni
617 3871 926 3953 Hierosolymitani
942 3890 1085 3952 regnum

136 3980 172 4037 et
197 3973 314 4036 claves
344 3979 475 4037 sanctae
499 3971 652 4037 civitatis
681 3977 717 4035 et
749 3970 922 4054 sepulchri
944 3970 1086 4034 Domini

135 4080 335 4156 sanctaeque
351 4072 610 4136 resurrectionis
632 4071 831 4135 solemniter
852 4070 1086 4153 deportarent.
