<?xml version="1.0" encoding="UTF-8"?>
<!DOCTYPE html PUBLIC "-//W3C//DTD XHTML 1.0 Transitional//EN"
    "http://www.w3.org/TR/xhtml1/DTD/xhtml1-transitional.dtd">
<html xmlns="http://www.w3.org/1999/xhtml" xml:lang="en" lang="en">
 <head>
  <title>
</title>
<meta http-equiv="Content-Type" content="text/html;charset=utf-8" />
  <meta name='ocr-system' content='tesseract 3.04.00' />
  <meta name='ocr-capabilities' content='ocr_page ocr_carea ocr_par ocr_line ocrx_word'/>
</head>
<body>
  <div class='ocr_page' id='page_1' title='image "./rogeridewendove01rogegoog_0041.png"; bbox 0 0 2820 4882; ppageno 0'>
   <div class='ocr_carea' id='block_1_1' title="bbox 365 396 1058 460">
    <p class='ocr_par' dir='ltr' id='par_1_1' title="bbox 365 396 1058 460">
     <span class='ocr_line' id='line_1_1' title="bbox 365 396 1058 460; baseline -0.004 0"><span class='ocrx_word' id='word_1_1' title='bbox 365 396 410 460; x_wconf 79' lang='lat'><strong>80</strong></span> <span class='ocrx_word' id='word_1_2' title='bbox 621 412 756 460; x_wconf 75' lang='lat' dir='ltr'><strong>nocant</strong></span> <span class='ocrx_word' id='word_1_3' title='bbox 780 412 828 460; x_wconf 85' lang='lat' dir='ltr'><strong>un</strong></span> <span class='ocrx_word' id='word_1_4' title='bbox 850 410 1058 459; x_wconf 73' lang='lat' dir='ltr'><strong>wuaoovna</strong></span> 
     </span>
    </p>
   </div>
   <div class='ocr_carea' id='block_1_2' title="bbox 207 568 1360 3248">
    <p class='ocr_par' dir='ltr' id='par_1_2' title="bbox 207 568 1360 3248">
     <span class='ocr_line' id='line_1_2' title="bbox 207 568 1320 653; baseline -0.005 -17"><span class='ocrx_word' id='word_1_5' title='bbox 207 594 330 637; x_wconf 62' lang='lat' dir='ltr'><strong>anam.</strong></span> <span class='ocrx_word' id='word_1_6' title='bbox 367 578 529 635; x_wconf 86' lang='lat' dir='ltr'><strong>crematae</strong></span> <span class='ocrx_word' id='word_1_7' title='bbox 552 570 758 653; x_wconf 81' lang='lat' dir='ltr'><strong>assignavit.</strong></span> <span class='ocrx_word' id='word_1_8' title='bbox 810 570 989 635; x_wconf 89' lang='lat' dir='ltr'><strong>Ordinatis</strong></span> <span class='ocrx_word' id='word_1_9' title='bbox 1011 569 1118 652; x_wconf 86' lang='lat' dir='ltr'><strong>igitur</strong></span> <span class='ocrx_word' id='word_1_10' title='bbox 1134 569 1200 634; x_wconf 88' lang='lat' dir='ltr'><strong>rite</strong></span> <span class='ocrx_word' id='word_1_11' title='bbox 1216 568 1320 631; x_wconf 89' lang='lat' dir='ltr'><strong>rebus</strong></span> 
     </span>
     <span class='ocr_line' id='line_1_3' title="bbox 367 664 1320 753; baseline -0.006 -17"><span class='ocrx_word' id='word_1_12' title='bbox 367 672 535 748; x_wconf 90' lang='lat' dir='ltr'><strong>omnibus,</strong></span> <span class='ocrx_word' id='word_1_13' title='bbox 557 679 682 736; x_wconf 89' lang='lat' dir='ltr'><strong>octavo</strong></span> <span class='ocrx_word' id='word_1_14' title='bbox 705 670 782 734; x_wconf 90' lang='lat' dir='ltr'><strong>idus</strong></span> <span class='ocrx_word' id='word_1_15' title='bbox 802 670 1013 753; x_wconf 85' lang='lat' dir='ltr'>Septembris</span> <span class='ocrx_word' id='word_1_16' title='bbox 1029 664 1205 746; x_wconf 89' lang='lat' dir='ltr'><strong>¹decessit,</strong></span> <span class='ocrx_word' id='word_1_17' title='bbox 1228 686 1320 731; x_wconf 92' lang='lat' dir='ltr'><strong>anno</strong></span> 
     </span>
     <span class='ocr_line' id='line_1_4' title="bbox 365 768 1321 854; baseline -0.004 -20"><span class='ocrx_word' id='word_1_18' title='bbox 365 772 466 853; x_wconf 88' lang='lat' dir='ltr'><strong>regni</strong></span> <span class='ocrx_word' id='word_1_19' title='bbox 490 771 546 834; x_wconf 90' lang='lat' dir='ltr'><strong>sui</strong></span> <span class='ocrx_word' id='word_1_20' title='bbox 565 771 734 854; x_wconf 88' lang='lat' dir='ltr'><strong>vigesimo</strong></span> <span class='ocrx_word' id='word_1_21' title='bbox 758 770 923 848; x_wconf 89' lang='lat' dir='ltr'><strong>secundo,</strong></span> <span class='ocrx_word' id='word_1_22' title='bbox 947 771 1094 834; x_wconf 86' lang='lat' dir='ltr'><strong>ducatus</strong></span> <span class='ocrx_word' id='word_1_23' title='bbox 1116 789 1199 834; x_wconf 90' lang='lat' dir='ltr'><strong>vero</strong></span> <span class='ocrx_word' id='word_1_24' title='bbox 1219 768 1321 850; x_wconf 90' lang='lat' dir='ltr'><strong>quin·</strong></span> 
     </span>
     <span class='ocr_line' id='line_1_5' title="bbox 368 869 1319 953; baseline -0.004 -19"><span class='ocrx_word' id='word_1_25' title='bbox 368 873 570 953; x_wconf 91' lang='lat' dir='ltr'><strong>quagesimo</strong></span> <span class='ocrx_word' id='word_1_26' title='bbox 607 871 771 948; x_wconf 88' lang='lat' dir='ltr'><strong>secundo,</strong></span> <span class='ocrx_word' id='word_1_27' title='bbox 807 871 891 934; x_wconf 90' lang='lat' dir='ltr'><strong>vitae</strong></span> <span class='ocrx_word' id='word_1_28' title='bbox 926 889 999 933; x_wconf 86' lang='lat' dir='ltr'><strong>suae</strong></span> <span class='ocrx_word' id='word_1_29' title='bbox 1031 869 1319 952; x_wconf 86' lang='lat' dir='ltr'><strong>quinquagesimo</strong></span> 
     </span>
     <span class='ocr_line' id='line_1_6' title="bbox 368 970 1319 1048; baseline -0.005 -13"><span class='ocrx_word' id='word_1_30' title='bbox 368 991 473 1048; x_wconf 93' lang='lat' dir='ltr'><strong>nono,</strong></span> <span class='ocrx_word' id='word_1_31' title='bbox 494 971 688 1035; x_wconf 89' lang='lat' dir='ltr'><strong>Dominicae</strong></span> <span class='ocrx_word' id='word_1_32' title='bbox 711 971 960 1034; x_wconf 89' lang='lat' dir='ltr'><strong>incarnationis</strong></span> <span class='ocrx_word' id='word_1_33' title='bbox 989 970 1172 1032; x_wconf 89' lang='lat' dir='ltr'><strong>millesimo</strong></span> <span class='ocrx_word' id='word_1_34' title='bbox 1187 971 1319 1033; x_wconf 88' lang='lat' dir='ltr'><strong>&#39;octua-</strong></span> 
     </span>
     <span class='ocr_line' id='line_1_7' title="bbox 368 1068 1319 1152; baseline -0.004 -18"><span class='ocrx_word' id='word_1_35' title='bbox 368 1071 502 1152; x_wconf 87' lang='lat' dir='ltr'><strong>gesimo</strong></span> <span class='ocrx_word' id='word_1_36' title='bbox 529 1073 686 1152; x_wconf 90' lang='lat' dir='ltr'><strong>septimo.</strong></span> <span class='ocrx_word' id='word_1_37' title='bbox 739 1070 874 1152; x_wconf 87' lang='lat' dir='ltr'><strong>Corpus</strong></span> <span class='ocrx_word' id='word_1_38' title='bbox 902 1070 1102 1134; x_wconf 84' lang='lat' dir='ltr'><strong>defunctum</strong></span> <span class='ocrx_word' id='word_1_39' title='bbox 1128 1068 1319 1133; x_wconf 87' lang='lat' dir='ltr'><strong>Gadomum</strong></span> 
     </span>
     <span class='ocr_line' id='line_1_8' title="bbox 368 1169 1318 1253; baseline -0.003 -20"><span class='ocrx_word' id='word_1_40' title='bbox 368 1190 431 1253; x_wconf 89' lang='lat' dir='ltr'><strong>per</strong></span> <span class='ocrx_word' id='word_1_41' title='bbox 456 1170 653 1253; x_wconf 85' lang='lat' dir='ltr'><strong>Sequanam</strong></span> <span class='ocrx_word' id='word_1_42' title='bbox 683 1170 838 1233; x_wconf 92' lang='lat' dir='ltr'><strong>delatum</strong></span> <span class='ocrx_word' id='word_1_43' title='bbox 867 1189 996 1251; x_wconf 84' lang='lat' dir='ltr'><strong>magna</strong></span> <span class='ocrx_word' id='word_1_44' title='bbox 1020 1169 1070 1232; x_wconf 89' lang='lat' dir='ltr'><strong>ibi</strong></span> <span class='ocrx_word' id='word_1_45' title='bbox 1094 1169 1318 1252; x_wconf 87' lang='lat' dir='ltr'><strong>praelatorum</strong></span> 
     </span>
     <span class='ocr_line' id='line_1_9' title="bbox 367 1264 1320 1353; baseline -0.003 -20"><span class='ocrx_word' id='word_1_46' title='bbox 367 1270 562 1353; x_wconf 76' lang='lat' dir='ltr'><strong>frequentia</strong></span> <span class='ocrx_word' id='word_1_47' title='bbox 584 1264 751 1333; x_wconf 90' lang='lat' dir='ltr'><strong>²traditur</strong></span> <span class='ocrx_word' id='word_1_48' title='bbox 773 1270 972 1352; x_wconf 89' lang='lat' dir='ltr'><strong>sepulturae.</strong></span> <span class='ocrx_word' id='word_1_49' title='bbox 1025 1269 1201 1332; x_wconf 85' lang='lat' dir='ltr'><strong>Robertus</strong></span> <span class='ocrx_word' id='word_1_50' title='bbox 1229 1268 1320 1330; x_wconf 89' lang='lat' dir='ltr'><strong>filius</strong></span> 
     </span>
     <span class='ocr_line' id='line_1_10' title="bbox 369 1367 1320 1453; baseline -0.005 -19"><span class='ocrx_word' id='word_1_51' title='bbox 369 1371 446 1453; x_wconf 93' lang='lat' dir='ltr'><strong>ejus</strong></span> <span class='ocrx_word' id='word_1_52' title='bbox 469 1370 730 1452; x_wconf 89' lang='lat' dir='ltr'><strong>primogenitus,</strong></span> <span class='ocrx_word' id='word_1_53' title='bbox 753 1376 906 1452; x_wconf 90' lang='lat' dir='ltr'><strong>tempore</strong></span> <span class='ocrx_word' id='word_1_54' title='bbox 929 1389 999 1452; x_wconf 90' lang='lat' dir='ltr'><strong>quo</strong></span> <span class='ocrx_word' id='word_1_55' title='bbox 1020 1376 1122 1451; x_wconf 86' lang='lat' dir='ltr'><strong>pater</strong></span> <span class='ocrx_word' id='word_1_56' title='bbox 1137 1367 1320 1433; x_wconf 83' lang='lat' dir='ltr'><strong>defunctus</strong></span> 
     </span>
     <span class='ocr_line' id='line_1_11' title="bbox 369 1467 1320 1552; baseline -0.004 -18"><span class='ocrx_word' id='word_1_57' title='bbox 369 1476 436 1547; x_wconf 91' lang='lat' dir='ltr'><strong>est,</strong></span> <span class='ocrx_word' id='word_1_58' title='bbox 453 1477 575 1533; x_wconf 91' lang='lat' dir='ltr'><strong>contra</strong></span> <span class='ocrx_word' id='word_1_59' title='bbox 589 1476 723 1552; x_wconf 89' lang='lat' dir='ltr'><strong>patrem</strong></span> <span class='ocrx_word' id='word_1_60' title='bbox 738 1469 774 1532; x_wconf 91' lang='lat' dir='ltr'><strong>in</strong></span> <span class='ocrx_word' id='word_1_61' title='bbox 793 1469 942 1533; x_wconf 87' lang='lat' dir='ltr'><strong>Francia</strong></span> <span class='ocrx_word' id='word_1_62' title='bbox 957 1468 1149 1532; x_wconf 86' lang='lat' dir='ltr'><strong>rebellavit.</strong></span> <span class='ocrx_word' id='word_1_63' title='bbox 1183 1467 1320 1531; x_wconf 88' lang='lat' dir='ltr'><strong>Willel·</strong></span> 
     </span>
     <span class='ocr_line' id='line_1_12' title="bbox 369 1565 1320 1652; baseline -0.002 -20"><span class='ocrx_word' id='word_1_64' title='bbox 369 1589 446 1632; x_wconf 90' lang='lat' dir='ltr'><strong>mus</strong></span> <span class='ocrx_word' id='word_1_65' title='bbox 467 1570 595 1646; x_wconf 88' lang='lat' dir='ltr'><strong>Rufus,</strong></span> <span class='ocrx_word' id='word_1_66' title='bbox 614 1577 801 1652; x_wconf 90' lang='lat' dir='ltr'><strong>antequam</strong></span> <span class='ocrx_word' id='word_1_67' title='bbox 818 1576 918 1651; x_wconf 90' lang='lat' dir='ltr'><strong>pater</strong></span> <span class='ocrx_word' id='word_1_68' title='bbox 934 1569 1157 1651; x_wconf 82' lang='lat' dir='ltr'><strong>exspirasset,</strong></span> <span class='ocrx_word' id='word_1_69' title='bbox 1179 1566 1225 1630; x_wconf 93' lang='lat' dir='ltr'><strong>ad</strong></span> <span class='ocrx_word' id='word_1_70' title='bbox 1245 1565 1320 1630; x_wconf 88' lang='lat' dir='ltr'><strong>An-</strong></span> 
     </span>
     <span class='ocr_line' id='line_1_13' title="bbox 369 1668 1320 1750; baseline 0.001 -19"><span class='ocrx_word' id='word_1_71' title='bbox 369 1669 477 1749; x_wconf 85' lang='lat' dir='ltr'><strong>gliam</strong></span> <span class='ocrx_word' id='word_1_72' title='bbox 499 1668 750 1747; x_wconf 84' lang='lat' dir='ltr'><strong>transfretavit,</strong></span> <span class='ocrx_word' id='word_1_73' title='bbox 772 1669 892 1733; x_wconf 89' lang='lat' dir='ltr'><strong>utilius</strong></span> <span class='ocrx_word' id='word_1_74' title='bbox 913 1668 979 1731; x_wconf 93' lang='lat' dir='ltr'><strong>sibi</strong></span> <span class='ocrx_word' id='word_1_75' title='bbox 995 1669 1125 1732; x_wconf 89' lang='lat' dir='ltr'><strong>ducens</strong></span> <span class='ocrx_word' id='word_1_76' title='bbox 1147 1668 1185 1730; x_wconf 93' lang='lat' dir='ltr'><strong>in</strong></span> <span class='ocrx_word' id='word_1_77' title='bbox 1205 1675 1320 1750; x_wconf 89' lang='lat' dir='ltr'><strong>poste-</strong></span> 
     </span>
     <span class='ocr_line' id='line_1_14' title="bbox 369 1768 1320 1851; baseline 0.002 -21"><span class='ocrx_word' id='word_1_78' title='bbox 369 1787 446 1830; x_wconf 90' lang='lat' dir='ltr'><strong>rum</strong></span> <span class='ocrx_word' id='word_1_79' title='bbox 471 1788 574 1851; x_wconf 93' lang='lat' dir='ltr'><strong>quam</strong></span> <span class='ocrx_word' id='word_1_80' title='bbox 597 1770 734 1850; x_wconf 89' lang='lat' dir='ltr'><strong>paterni</strong></span> <span class='ocrx_word' id='word_1_81' title='bbox 759 1769 913 1851; x_wconf 90' lang='lat' dir='ltr'><strong>corporis</strong></span> <span class='ocrx_word' id='word_1_82' title='bbox 935 1769 1109 1850; x_wconf 87' lang='lat' dir='ltr'><strong>exsequiis</strong></span> <span class='ocrx_word' id='word_1_83' title='bbox 1133 1768 1320 1846; x_wconf 90' lang='lat' dir='ltr'><strong>interesse;</strong></span> 
     </span>
     <span class='ocr_line' id='line_1_15' title="bbox 369 1866 1321 1950; baseline 0 -20"><span class='ocrx_word' id='word_1_84' title='bbox 369 1868 466 1931; x_wconf 92' lang='lat' dir='ltr'><strong>solus</strong></span> <span class='ocrx_word' id='word_1_85' title='bbox 482 1867 656 1932; x_wconf 90' lang='lat' dir='ltr'><strong>Henricus</strong></span> <span class='ocrx_word' id='word_1_86' title='bbox 680 1888 725 1931; x_wconf 82' lang='lat' dir='ltr'><strong>ex</strong></span> <span class='ocrx_word' id='word_1_87' title='bbox 746 1869 863 1931; x_wconf 91' lang='lat' dir='ltr'><strong>liberis</strong></span> <span class='ocrx_word' id='word_1_88' title='bbox 884 1869 1043 1931; x_wconf 90' lang='lat' dir='ltr'><strong>omnibus</strong></span> <span class='ocrx_word' id='word_1_89' title='bbox 1064 1869 1242 1944; x_wconf 87' lang='lat' dir='ltr'><strong>intererat,</strong></span> <span class='ocrx_word' id='word_1_90' title='bbox 1260 1866 1321 1950; x_wconf 89' lang='lat' dir='ltr'><strong>qui</strong></span> 
     </span>
     <span class='ocr_line' id='line_1_16' title="bbox 369 1967 1320 2052; baseline 0 -22"><span class='ocrx_word' id='word_1_91' title='bbox 369 1967 472 2031; x_wconf 92' lang='lat' dir='ltr'><strong>militi</strong></span> <span class='ocrx_word' id='word_1_92' title='bbox 499 1968 648 2046; x_wconf 91' lang='lat' dir='ltr'><strong>cuidam,</strong></span> <span class='ocrx_word' id='word_1_93' title='bbox 670 1968 714 2031; x_wconf 93' lang='lat' dir='ltr'><strong>ad</strong></span> <span class='ocrx_word' id='word_1_94' title='bbox 740 1969 839 2052; x_wconf 92' lang='lat' dir='ltr'><strong>cujus</strong></span> <span class='ocrx_word' id='word_1_95' title='bbox 861 1968 1105 2050; x_wconf 86' lang='lat' dir='ltr'><strong>patrimonium</strong></span> <span class='ocrx_word' id='word_1_96' title='bbox 1127 1967 1224 2030; x_wconf 89' lang='lat' dir='ltr'><strong>locus</strong></span> <span class='ocrx_word' id='word_1_97' title='bbox 1248 1967 1320 2044; x_wconf 90' lang='lat' dir='ltr'><strong>ille,</strong></span> 
     </span>
     <span class='ocr_line' id='line_1_17' title="bbox 369 2067 1320 2151; baseline 0 -21"><span class='ocrx_word' id='word_1_98' title='bbox 369 2067 407 2130; x_wconf 92' lang='lat' dir='ltr'><strong>in</strong></span> <span class='ocrx_word' id='word_1_99' title='bbox 429 2088 497 2150; x_wconf 90' lang='lat' dir='ltr'><strong>quo</strong></span> <span class='ocrx_word' id='word_1_100' title='bbox 519 2088 644 2151; x_wconf 92' lang='lat' dir='ltr'><strong>corpus</strong></span> <span class='ocrx_word' id='word_1_101' title='bbox 665 2068 758 2150; x_wconf 89' lang='lat' dir='ltr'><strong>regis</strong></span> <span class='ocrx_word' id='word_1_102' title='bbox 777 2067 1099 2151; x_wconf 22' lang='lat' dir='ltr'><strong>sepultumlfuerat,</strong></span> <span class='ocrx_word' id='word_1_103' title='bbox 1125 2068 1219 2131; x_wconf 88' lang='lat' dir='ltr'><strong>avito</strong></span> <span class='ocrx_word' id='word_1_104' title='bbox 1239 2067 1320 2151; x_wconf 89' lang='lat' dir='ltr'><strong>jure</strong></span> 
     </span>
     <span class='ocr_line' id='line_1_18' title="bbox 369 2167 1321 2249; baseline -0.001 -19"><span class='ocrx_word' id='word_1_105' title='bbox 369 2170 563 2249; x_wconf 87' lang='lat' dir='ltr'><strong>spectabat,</strong></span> <span class='ocrx_word' id='word_1_106' title='bbox 591 2169 759 2232; x_wconf 90' lang='lat' dir='ltr'><strong>minacem</strong></span> <span class='ocrx_word' id='word_1_107' title='bbox 784 2168 902 2231; x_wconf 91' lang='lat' dir='ltr'><strong>militis</strong></span> <span class='ocrx_word' id='word_1_108' title='bbox 928 2167 1135 2231; x_wconf 91' lang='lat' dir='ltr'><strong>calumniam</strong></span> <span class='ocrx_word' id='word_1_109' title='bbox 1162 2186 1321 2249; x_wconf 91' lang='lat' dir='ltr'><strong>compes·</strong></span> 
     </span>
     <span class='ocr_line' id='line_1_19' title="bbox 369 2261 1320 2349; baseline -0.001 -18"><span class='ocrx_word' id='word_1_110' title='bbox 369 2286 451 2331; x_wconf 89' lang='lat' dir='ltr'><strong>cens</strong></span> <span class='ocrx_word' id='word_1_111' title='bbox 476 2274 615 2332; x_wconf 89' lang='lat' dir='ltr'><strong>centum</strong></span> <span class='ocrx_word' id='word_1_112' title='bbox 636 2268 784 2332; x_wconf 90' lang='lat' dir='ltr'><strong>contulit</strong></span> <span class='ocrx_word' id='word_1_113' title='bbox 807 2268 913 2332; x_wconf 89' lang='lat' dir='ltr'><strong>libras</strong></span> <span class='ocrx_word' id='word_1_114' title='bbox 935 2269 1081 2349; x_wconf 82' lang='lat' dir='ltr'><strong>argenti.</strong></span> <span class='ocrx_word' id='word_1_115' title='bbox 1133 2266 1244 2332; x_wconf 89' lang='lat' dir='ltr'><strong>Porro</strong></span> <span class='ocrx_word' id='word_1_116' title='bbox 1266 2261 1320 2330; x_wconf 82' lang='lat' dir='ltr'><strong>³in</strong></span> 
     </span>
     <span class='ocr_line' id='line_1_20' title="bbox 370 2364 1319 2451; baseline 0.003 -22"><span class='ocrx_word' id='word_1_117' title='bbox 370 2364 504 2447; x_wconf 88' lang='lat' dir='ltr'><strong>Anglia</strong></span> <span class='ocrx_word' id='word_1_118' title='bbox 523 2367 732 2445; x_wconf 90' lang='lat' dir='ltr'><strong>Willelmus,</strong></span> <span class='ocrx_word' id='word_1_119' title='bbox 756 2368 792 2431; x_wconf 89' lang='lat' dir='ltr'><strong>in</strong></span> <span class='ocrx_word' id='word_1_120' title='bbox 824 2368 970 2451; x_wconf 90' lang='lat' dir='ltr'><strong>pecunia</strong></span> <span class='ocrx_word' id='word_1_121' title='bbox 994 2367 1227 2449; x_wconf 88' lang='lat' dir='ltr'><strong>dispertienda</strong></span> <span class='ocrx_word' id='word_1_122' title='bbox 1256 2388 1319 2432; x_wconf 87' lang='lat' dir='ltr'><strong>nec</strong></span> 
     </span>
     <span class='ocr_line' id='line_1_21' title="bbox 370 2467 1320 2550; baseline 0.004 -23"><span class='ocrx_word' id='word_1_123' title='bbox 370 2467 487 2547; x_wconf 89' lang='lat' dir='ltr'><strong>segnis</strong></span> <span class='ocrx_word' id='word_1_124' title='bbox 519 2486 631 2550; x_wconf 93' lang='lat' dir='ltr'><strong>neque</strong></span> <span class='ocrx_word' id='word_1_125' title='bbox 658 2487 796 2550; x_wconf 93' lang='lat' dir='ltr'><strong>parcus,</strong></span> <span class='ocrx_word' id='word_1_126' title='bbox 822 2487 958 2531; x_wconf 89' lang='lat' dir='ltr'><strong>omnem</strong></span> <span class='ocrx_word' id='word_1_127' title='bbox 984 2467 1185 2531; x_wconf 87' lang='lat' dir='ltr'><strong>thesaurum</strong></span> <span class='ocrx_word' id='word_1_128' title='bbox 1208 2469 1320 2550; x_wconf 87' lang='lat' dir='ltr'><strong>patris</strong></span> 
     </span>
     <span class='ocr_line' id='line_1_22' title="bbox 370 2564 1321 2649; baseline 0.002 -20"><span class='ocrx_word' id='word_1_129' title='bbox 370 2564 561 2630; x_wconf 86' lang='lat' dir='ltr'><strong>Wintoniae</strong></span> <span class='ocrx_word' id='word_1_130' title='bbox 578 2568 834 2631; x_wconf 92' lang='lat' dir='ltr'><strong>accumulatum</strong></span> <span class='ocrx_word' id='word_1_131' title='bbox 858 2569 894 2630; x_wconf 92' lang='lat' dir='ltr'><strong>in</strong></span> <span class='ocrx_word' id='word_1_132' title='bbox 908 2567 1021 2630; x_wconf 92' lang='lat' dir='ltr'><strong>lucem</strong></span> <span class='ocrx_word' id='word_1_133' title='bbox 1043 2566 1232 2649; x_wconf 87' lang='lat' dir='ltr'><strong>proferens,</strong></span> <span class='ocrx_word' id='word_1_134' title='bbox 1247 2587 1321 2631; x_wconf 93' lang='lat' dir='ltr'><strong>mo·</strong></span> 
     </span>
     <span class='ocr_line' id='line_1_23' title="bbox 371 2666 1320 2749; baseline 0.002 -21"><span class='ocrx_word' id='word_1_135' title='bbox 371 2667 531 2729; x_wconf 90' lang='lat' dir='ltr'><strong>nasteriis</strong></span> <span class='ocrx_word' id='word_1_136' title='bbox 551 2686 685 2745; x_wconf 92' lang='lat' dir='ltr'><strong>aurum,</strong></span> <span class='ocrx_word' id='word_1_137' title='bbox 699 2666 854 2732; x_wconf 88' lang='lat' dir='ltr'><strong>ecclesiis</strong></span> <span class='ocrx_word' id='word_1_138' title='bbox 875 2668 1095 2749; x_wconf 89' lang='lat' dir='ltr'><strong>parochianis</strong></span> <span class='ocrx_word' id='word_1_139' title='bbox 1111 2668 1247 2749; x_wconf 85' lang='lat' dir='ltr'><strong>argenti</strong></span> <span class='ocrx_word' id='word_1_140' title='bbox 1263 2686 1320 2730; x_wconf 90' lang='lat' dir='ltr'><strong>so-</strong></span> 
     </span>
     <span class='ocr_line' id='line_1_24' title="bbox 370 2764 1321 2850; baseline 0.003 -23"><span class='ocrx_word' id='word_1_141' title='bbox 370 2764 460 2828; x_wconf 90' lang='lat' dir='ltr'><strong>lidos</strong></span> <span class='ocrx_word' id='word_1_142' title='bbox 477 2767 642 2850; x_wconf 90' lang='lat' dir='ltr'><strong>quinque,</strong></span> <span class='ocrx_word' id='word_1_143' title='bbox 659 2767 845 2850; x_wconf 89' lang='lat' dir='ltr'><strong>unicuique</strong></span> <span class='ocrx_word' id='word_1_144' title='bbox 859 2769 1046 2849; x_wconf 87' lang='lat' dir='ltr'><strong>provinciae</strong></span> <span class='ocrx_word' id='word_1_145' title='bbox 1060 2766 1167 2830; x_wconf 91' lang='lat' dir='ltr'><strong>libras</strong></span> <span class='ocrx_word' id='word_1_146' title='bbox 1181 2775 1321 2831; x_wconf 89' lang='lat' dir='ltr'><strong>centum</strong></span> 
     </span>
     <span class='ocr_line' id='line_1_25' title="bbox 370 2864 1360 2950; baseline 0.003 -22"><span class='ocrx_word' id='word_1_147' title='bbox 370 2864 490 2947; x_wconf 83' lang='lat' dir='ltr'><strong>egenis</strong></span> <span class='ocrx_word' id='word_1_148' title='bbox 512 2865 713 2930; x_wconf 91' lang='lat' dir='ltr'><strong>dividendas</strong></span> <span class='ocrx_word' id='word_1_149' title='bbox 734 2867 1000 2931; x_wconf 87' lang='lat' dir='ltr'><strong>misericorditer</strong></span> <span class='ocrx_word' id='word_1_150' title='bbox 1021 2867 1234 2948; x_wconf 81' lang='lat' dir='ltr'><strong>assignavit3</strong></span> <span class='ocrx_word' id='word_1_151' title='bbox 1260 2887 1322 2950; x_wconf 92' lang='lat' dir='ltr'><strong>pa-</strong></span> <span class='ocrx_word' id='word_1_152' title='bbox 1357 2880 1360 2887; x_wconf 72' lang='grc'><strong><em>’</em></strong></span> 
     </span>
     <span class='ocr_line' id='line_1_26' title="bbox 371 2965 1320 3049; baseline 0.004 -22"><span class='ocrx_word' id='word_1_153' title='bbox 371 2965 435 3028; x_wconf 90' lang='lat' dir='ltr'><strong>tris</strong></span> <span class='ocrx_word' id='word_1_154' title='bbox 452 2966 557 3029; x_wconf 91' lang='lat' dir='ltr'><strong>etiam</strong></span> <span class='ocrx_word' id='word_1_155' title='bbox 571 2967 795 3048; x_wconf 91' lang='lat' dir='ltr'><strong>sepulturam,</strong></span> <span class='ocrx_word' id='word_1_156' title='bbox 811 2987 974 3049; x_wconf 90' lang='lat' dir='ltr'><strong>processu</strong></span> <span class='ocrx_word' id='word_1_157' title='bbox 995 2966 1172 3048; x_wconf 91' lang='lat' dir='ltr'><strong>temporis,</strong></span> <span class='ocrx_word' id='word_1_158' title='bbox 1187 2967 1320 3049; x_wconf 85' lang='lat' dir='ltr'><strong>ingenti</strong></span> 
     </span>
     <span class='ocr_line' id='line_1_27' title="bbox 370 3065 1320 3149; baseline 0.005 -23"><span class='ocrx_word' id='word_1_159' title='bbox 370 3067 531 3145; x_wconf 85' lang='lat' dir='ltr'><strong>congerie</strong></span> <span class='ocrx_word' id='word_1_160' title='bbox 548 3065 624 3128; x_wconf 90' lang='lat' dir='ltr'><strong>auri</strong></span> <span class='ocrx_word' id='word_1_161' title='bbox 646 3073 682 3129; x_wconf 91' lang='lat' dir='ltr'><strong>et</strong></span> <span class='ocrx_word' id='word_1_162' title='bbox 704 3067 840 3148; x_wconf 90' lang='lat' dir='ltr'><strong>argenti</strong></span> <span class='ocrx_word' id='word_1_163' title='bbox 863 3087 941 3130; x_wconf 89' lang='lat' dir='ltr'><strong>cum</strong></span> <span class='ocrx_word' id='word_1_164' title='bbox 965 3066 1147 3149; x_wconf 89' lang='lat' dir='ltr'><strong>splendore</strong></span> <span class='ocrx_word' id='word_1_165' title='bbox 1166 3086 1320 3148; x_wconf 85' lang='lat' dir='ltr'><strong>gemma-</strong></span> 
     </span>
     <span class='ocr_line' id='line_1_28' title="bbox 370 3166 1321 3248; baseline 0.004 -22"><span class='ocrx_word' id='word_1_166' title='bbox 370 3183 446 3226; x_wconf 88' lang='lat' dir='ltr'><strong>rum</strong></span> <span class='ocrx_word' id='word_1_167' title='bbox 471 3166 652 3248; x_wconf 90' lang='lat' dir='ltr'><strong>perspicue</strong></span> <span class='ocrx_word' id='word_1_168' title='bbox 676 3167 880 3244; x_wconf 81' lang='lat' dir='ltr'><strong>adornavit3</strong></span> <span class='ocrx_word' id='word_1_169' title='bbox 904 3174 940 3230; x_wconf 91' lang='lat' dir='ltr'><strong>et</strong></span> <span class='ocrx_word' id='word_1_170' title='bbox 960 3167 1014 3229; x_wconf 91' lang='lat' dir='ltr'><strong>his</strong></span> <span class='ocrx_word' id='word_1_171' title='bbox 1031 3166 1082 3229; x_wconf 89' lang='lat' dir='ltr'><strong>ita</strong></span> <span class='ocrx_word' id='word_1_172' title='bbox 1100 3168 1220 3247; x_wconf 84' lang='lat' dir='ltr'><strong>gestis,</strong></span> <span class='ocrx_word' id='word_1_173' title='bbox 1237 3186 1321 3230; x_wconf 85' lang='lat' dir='ltr'><strong>mox</strong></span> 
     </span>
    </p>
   </div>
   <div class='ocr_carea' id='block_1_3' title="bbox 322 3263 1323 3747">
    <p class='ocr_par' dir='ltr' id='par_1_3' title="bbox 322 3263 1323 3747">
     <span class='ocr_line' id='line_1_29' title="bbox 322 3263 1318 3350; baseline 0 -22"><span class='ocrx_word' id='word_1_174' title='bbox 322 3267 323 3270; x_wconf 72' lang='grc'>’</span> <span class='ocrx_word' id='word_1_175' title='bbox 369 3263 579 3343; x_wconf 90' lang='lat' dir='ltr'><strong>Willelmus,</strong></span> <span class='ocrx_word' id='word_1_176' title='bbox 589 3266 784 3331; x_wconf 90' lang='lat' dir='ltr'><strong>volentibus</strong></span> <span class='ocrx_word' id='word_1_177' title='bbox 797 3267 948 3330; x_wconf 92' lang='lat' dir='ltr'><strong>omnium</strong></span> <span class='ocrx_word' id='word_1_178' title='bbox 963 3266 1226 3350; x_wconf 88' lang='lat' dir='ltr'><strong>provincialium</strong></span> <span class='ocrx_word' id='word_1_179' title='bbox 1241 3266 1318 3329; x_wconf 89' lang='lat' dir='ltr'><strong>ani-</strong></span> 
     </span>
     <span class='ocr_line' id='line_1_30' title="bbox 368 3364 1322 3449; baseline 0 -24"><span class='ocrx_word' id='word_1_180' title='bbox 368 3364 434 3426; x_wconf 92' lang='lat' dir='ltr'><strong>mis</strong></span> <span class='ocrx_word' id='word_1_181' title='bbox 451 3373 626 3447; x_wconf 89' lang='lat' dir='ltr'><strong>acceptus,</strong></span> <span class='ocrx_word' id='word_1_182' title='bbox 644 3373 753 3430; x_wconf 87' lang='lat' dir='ltr'><strong>totam</strong></span> <span class='ocrx_word' id='word_1_183' title='bbox 771 3365 932 3448; x_wconf 81' lang='lat' dir='ltr'><strong>Angliam</strong></span> <span class='ocrx_word' id='word_1_184' title='bbox 951 3387 1014 3449; x_wconf 96' lang='lat' dir='ltr'><strong>pro</strong></span> <span class='ocrx_word' id='word_1_185' title='bbox 1031 3386 1093 3430; x_wconf 90' lang='lat' dir='ltr'><strong>suo</strong></span> <span class='ocrx_word' id='word_1_186' title='bbox 1116 3366 1218 3429; x_wconf 91' lang='lat' dir='ltr'><strong>libitu</strong></span> <span class='ocrx_word' id='word_1_187' title='bbox 1235 3367 1322 3429; x_wconf 89' lang='lat' dir='ltr'><strong>sub.</strong></span> 
     </span>
     <span class='ocr_line' id='line_1_31' title="bbox 363 3462 1322 3547; baseline 0.004 -21"><span class='ocrx_word' id='word_1_188' title='bbox 363 3462 506 3546; x_wconf 85' lang='lat' dir='ltr'><strong>jugavit</strong></span> <span class='ocrx_word' id='word_1_189' title='bbox 523 3472 559 3528; x_wconf 91' lang='lat' dir='ltr'><strong>et</strong></span> <span class='ocrx_word' id='word_1_190' title='bbox 582 3465 699 3528; x_wconf 88' lang='lat' dir='ltr'><strong>claves</strong></span> <span class='ocrx_word' id='word_1_191' title='bbox 725 3467 965 3530; x_wconf 90' lang='lat' dir='ltr'><strong>thesaurorum</strong></span> <span class='ocrx_word' id='word_1_192' title='bbox 976 3467 1180 3547; x_wconf 77' lang='lat' dir='ltr'><strong>ubicunque</strong></span> <span class='ocrx_word' id='word_1_193' title='bbox 1202 3485 1322 3530; x_wconf 89' lang='lat' dir='ltr'><strong>susce·</strong></span> 
     </span>
     <span class='ocr_line' id='line_1_32' title="bbox 368 3557 1319 3651; baseline 0.004 -25"><span class='ocrx_word' id='word_1_194' title='bbox 368 3564 469 3644; x_wconf 90' lang='lat' dir='ltr'><strong>perit.</strong></span> <span class='ocrx_word' id='word_1_195' title='bbox 506 3557 678 3628; x_wconf 86' lang='lat' dir='ltr'><strong>⁴Accessit</strong></span> <span class='ocrx_word' id='word_1_196' title='bbox 699 3567 805 3629; x_wconf 88' lang='lat' dir='ltr'><strong>etiam</strong></span> <span class='ocrx_word' id='word_1_197' title='bbox 820 3567 931 3630; x_wconf 89' lang='lat' dir='ltr'><strong>favori</strong></span> <span class='ocrx_word' id='word_1_198' title='bbox 946 3567 1022 3651; x_wconf 89' lang='lat' dir='ltr'><strong>ejus</strong></span> <span class='ocrx_word' id='word_1_199' title='bbox 1037 3566 1319 3649; x_wconf 88' lang='lat' dir='ltr'><strong>archiepiscopus</strong></span> 
     </span>
     <span class='ocr_line' id='line_1_33' title="bbox 370 3661 1323 3747; baseline 0.006 -22"><span class='ocrx_word' id='word_1_200' title='bbox 370 3661 599 3741; x_wconf 88' lang='lat' dir='ltr'><strong>Lanfrancus,</strong></span> <span class='ocrx_word' id='word_1_201' title='bbox 618 3683 659 3727; x_wconf 91' lang='lat' dir='ltr'><strong>eo</strong></span> <span class='ocrx_word' id='word_1_202' title='bbox 677 3666 770 3747; x_wconf 93' lang='lat' dir='ltr'><strong>quod</strong></span> <span class='ocrx_word' id='word_1_203' title='bbox 787 3666 884 3729; x_wconf 94' lang='lat' dir='ltr'><strong>illum</strong></span> <span class='ocrx_word' id='word_1_204' title='bbox 911 3667 1104 3730; x_wconf 90' lang='lat' dir='ltr'><strong>nutriverat</strong></span> <span class='ocrx_word' id='word_1_205' title='bbox 1126 3673 1162 3729; x_wconf 88' lang='lat' dir='ltr'><strong>et</strong></span> <span class='ocrx_word' id='word_1_206' title='bbox 1178 3666 1323 3730; x_wconf 91' lang='lat' dir='ltr'><strong>militem</strong></span> 
     </span>
    </p>
   </div>
   <div class='ocr_carea' id='block_1_4' title="bbox 368 3925 1325 4277">
    <p class='ocr_par' dir='ltr' id='par_1_4' title="bbox 368 3925 1325 4202">
     <span class='ocr_line' id='line_1_34' title="bbox 405 3925 1325 4000; baseline 0.003 -20"><span class='ocrx_word' id='word_1_207' title='bbox 405 3928 557 4000; x_wconf 81' lang='lat' dir='ltr'><strong>¹Decessit.]</strong></span> <span class='ocrx_word' id='word_1_208' title='bbox 569 3932 623 3988; x_wconf 73' lang='lat' dir='ltr'><strong>&#39;l&#39;hq</strong></span> <span class='ocrx_word' id='word_1_209' title='bbox 634 3937 742 3981; x_wconf 89' lang='lat' dir='ltr'><strong>account</strong></span> <span class='ocrx_word' id='word_1_210' title='bbox 752 3933 781 3982; x_wconf 84' lang='lat' dir='ltr'><strong>of</strong></span> <span class='ocrx_word' id='word_1_211' title='bbox 789 3933 831 3982; x_wconf 88' lang='lat' dir='ltr'><strong>the</strong></span> <span class='ocrx_word' id='word_1_212' title='bbox 857 3933 948 3983; x_wconf 88' lang='lat' dir='ltr'><strong>buried</strong></span> <span class='ocrx_word' id='word_1_213' title='bbox 970 3933 996 3981; x_wconf 90' lang='lat' dir='ltr'><strong>iu</strong></span> <span class='ocrx_word' id='word_1_214' title='bbox 1019 3933 1045 3982; x_wconf 88' lang='lat' dir='ltr'><strong>S.</strong></span> <span class='ocrx_word' id='word_1_215' title='bbox 1070 3925 1201 3993; x_wconf 84' lang='lat' dir='ltr'><strong>Stephen’s</strong></span> <span class='ocrx_word' id='word_1_216' title='bbox 1228 3933 1325 3997; x_wconf 84' lang='lat' dir='ltr'><strong>abbey,</strong></span> 
     </span>
     <span class='ocr_line' id='line_1_35' title="bbox 369 4001 1289 4064; baseline 0 -12"><span class='ocrx_word' id='word_1_217' title='bbox 369 4002 539 4062; x_wconf 82' lang='lat' dir='ltr'><strong>Conqueror’s</strong></span> <span class='ocrx_word' id='word_1_218' title='bbox 560 4004 611 4051; x_wconf 90' lang='lat' dir='ltr'><strong>last</strong></span> <span class='ocrx_word' id='word_1_219' title='bbox 631 4008 761 4064; x_wconf 78' lang='lat' dir='ltr'><strong>momenta,</strong></span> <span class='ocrx_word' id='word_1_220' title='bbox 780 4004 831 4052; x_wconf 92' lang='lat' dir='ltr'><strong>aud</strong></span> <span class='ocrx_word' id='word_1_221' title='bbox 857 4004 940 4052; x_wconf 83' lang='lat' dir='ltr'><strong>which</strong></span> <span class='ocrx_word' id='word_1_222' title='bbox 951 4004 984 4053; x_wconf 90' lang='lat' dir='ltr'><strong>he</strong></span> <span class='ocrx_word' id='word_1_223' title='bbox 994 4003 1045 4052; x_wconf 91' lang='lat' dir='ltr'><strong>had</strong></span> <span class='ocrx_word' id='word_1_224' title='bbox 1057 4002 1160 4051; x_wconf 85' lang='lat' dir='ltr'><strong>himself</strong></span> <span class='ocrx_word' id='word_1_225' title='bbox 1167 4001 1289 4052; x_wconf 80' lang='lat' dir='ltr'><strong>founded.</strong></span> 
     </span>
     <span class='ocr_line' id='line_1_36' title="bbox 368 4068 1319 4136; baseline 0.004 -16"><span class='ocrx_word' id='word_1_226' title='bbox 368 4072 409 4120; x_wconf 88' lang='lat' dir='ltr'><strong>his</strong></span> <span class='ocrx_word' id='word_1_227' title='bbox 426 4073 531 4120; x_wconf 88' lang='lat' dir='ltr'><strong>address</strong></span> <span class='ocrx_word' id='word_1_228' title='bbox 547 4076 573 4119; x_wconf 91' lang='lat' dir='ltr'><strong>to</strong></span> <span class='ocrx_word' id='word_1_229' title='bbox 589 4072 630 4120; x_wconf 87' lang='lat' dir='ltr'><strong>his</strong></span> <span class='ocrx_word' id='word_1_230' title='bbox 646 4087 713 4134; x_wconf 89' lang='lat' dir='ltr'><strong>sons,</strong></span> <span class='ocrx_word' id='word_1_231' title='bbox 730 4087 787 4133; x_wconf 83' lang='lat' dir='ltr'><strong>may</strong></span> <span class='ocrx_word' id='word_1_232' title='bbox 800 4075 830 4121; x_wconf 90' lang='lat' dir='ltr'><strong>be</strong></span> <span class='ocrx_word' id='word_1_233' title='bbox 889 4071 943 4122; x_wconf 74' lang='lat'><strong>⁸122</strong></span> <span class='ocrx_word' id='word_1_234' title='bbox 960 4073 1088 4136; x_wconf 65' lang='lat' dir='ltr'><strong>Angla]</strong></span> <span class='ocrx_word' id='word_1_235' title='bbox 1104 4073 1156 4120; x_wconf 86' lang='lat' dir='ltr'><strong>‘In</strong></span> <span class='ocrx_word' id='word_1_236' title='bbox 1180 4068 1319 4136; x_wconf 64' lang='lat' dir='ltr'><strong>Anguem:</strong></span> 
     </span>
     <span class='ocr_line' id='line_1_37' title="bbox 368 4141 888 4202; baseline 0.006 -12"><span class='ocrx_word' id='word_1_237' title='bbox 368 4141 447 4190; x_wconf 84' lang='lat' dir='ltr'><strong>found</strong></span> <span class='ocrx_word' id='word_1_238' title='bbox 455 4141 764 4202; x_wconf 85' lang='lat' dir='ltr'><strong>inOrdericusVitalis,p.</strong></span> <span class='ocrx_word' id='word_1_239' title='bbox 773 4146 830 4192; x_wconf 79' lang='grc'><strong>656.</strong></span> <span class='ocrx_word' id='word_1_240' title='bbox 858 4144 888 4193; x_wconf 85' lang='lat' dir='ltr'><strong>C.</strong></span> 
     </span>
    </p>

    <p class='ocr_par' dir='ltr' id='par_1_5' title="bbox 403 4209 1300 4277">
     <span class='ocr_line' id='line_1_38' title="bbox 403 4209 1300 4277; baseline 0.004 -18"><span class='ocrx_word' id='word_1_241' title='bbox 403 4209 543 4260; x_wconf 77' lang='lat' dir='ltr'><strong>²Truditur</strong></span> <span class='ocrx_word' id='word_1_242' title='bbox 552 4212 704 4275; x_wconf 63' lang='lat' dir='ltr'><strong>sepulture]</strong></span> <span class='ocrx_word' id='word_1_243' title='bbox 722 4212 764 4259; x_wconf 87' lang='lat' dir='ltr'><strong>He</strong></span> <span class='ocrx_word' id='word_1_244' title='bbox 776 4227 831 4262; x_wconf 81' lang='lat' dir='ltr'><strong>vvas</strong></span> <span class='ocrx_word' id='word_1_245' title='bbox 888 4210 899 4242; x_wconf 85' lang='lat'><strong>⁴</strong></span> <span class='ocrx_word' id='word_1_246' title='bbox 910 4211 1042 4277; x_wconf 67' lang='lat' dir='ltr'><strong>Accessit]</strong></span> <span class='ocrx_word' id='word_1_247' title='bbox 1053 4209 1256 4276; x_wconf 55' lang='lat' dir='ltr'><strong>‘decessitque&#39;</strong></span> <span class='ocrx_word' id='word_1_248' title='bbox 1270 4215 1300 4263; x_wconf 83' lang='lat' dir='ltr'><strong>G.</strong></span> 
     </span>
    </p>
   </div>
   <div class='ocr_carea' id='block_1_5' title="bbox 0 0 1418 4882">
    <p class='ocr_par' dir='ltr' id='par_1_6' title="bbox 0 0 1418 4882">
     <span class='ocr_line' id='line_1_39' title="bbox 0 0 1418 4882; baseline 0 0"><span class='ocrx_word' id='word_1_249' title='bbox 0 0 1418 4882; x_wconf 95' lang='lat' dir='ltr'><strong> </strong></span> 
     </span>
    </p>
   </div>
  </div>
 </body>
</html>
