2820 4882
429 405 566 455 tronus
590 405 858 455 msronrnauu.
1052 391 1118 472 305

166 560 226 636 sis,
249 560 321 642 qui,
341 566 474 624 tractus
494 562 529 625 in
552 581 694 626 causam
719 570 861 646 propter
882 562 1115 639 homicidium,
1128 583 1183 623 nn.
1195 585 1252 624 na.

166 659 203 721 iu
218 660 310 741 regis
323 659 557 743 justiciarium
572 663 715 725 verbum
731 662 876 744 protulit
890 663 1115 726 contumelio-

166 777 264 838 sum;
290 759 384 841 quod
400 778 478 822 cunr
494 778 622 841 negare
638 779 755 823 coram
772 760 1030 843 archiepiscopo
1046 781 1115 825 non

166 864 295 938 posset,
332 858 529 940 praebendae
559 877 633 922 suae
664 859 831 923 beneficio
862 860 1030 922 multatus
1062 867 1116 924 est

166 962 202 1019 et
228 975 290 1037 per
314 956 491 1019 biennium
517 976 539 1019 a
566 976 674 1039 regno
702 958 849 1039 pulsus3
881 959 997 1021 ethic
1024 978 1116 1022 nono

166 1053 242 1116 loco
264 1055 427 1136 apparuit
449 1055 664 1136 perturbatio
689 1057 781 1139 regis
804 1064 926 1121 contra
948 1056 1116 1139 archiepi-

167 1170 322 1235 scopum.
1085 1164 1089 1171 '

169 1325 319 1404 &mnodo
333 1326 437 1392 lectar
451 1322 593 1406 Thomas,
609 1329 844 1393 damocritus
858 1324 1115 1412 archicpbcopaa

267 1448 289 1489 a
303 1427 544 1514 Norbamptoao
559 1427 734 1511 injuriatus
746 1450 768 1491 a
784 1449 852 1512 rope
866 1427 1026 1490 recesserit.

217 1547 352 1612 Videns
374 1549 482 1631 igitur
503 1551 781 1633 archiepiscopus
806 1550 983 1614 libertates
1006 1549 1114 1614 eccle·
1127 1568 1219 1657 3323

167 1647 228 1710 siae
249 1646 325 1730 jam
354 1648 510 1712 funditus
536 1649 745 1730 exspirasse,
768 1650 877 1712 inscio
905 1668 998 1730 rege,
1023 1650 1113 1731 apud
1127 1629 1211 1712 maiia

169 1740 356 1810 Rumenell
382 1766 506 1812 navem
532 1747 689 1811 ascendit
713 1746 862 1814 Romam
885 1747 1114 1830 profecturus,
1129 1717 1255 1815 iiiiii}-

169 1843 242 1920 sed,
262 1852 367 1909 vento
389 1846 426 1910 in
446 1847 657 1910 contrarium
679 1845 797 1923 flante,
818 1846 855 1908 in
879 1845 1043 1927 Angliam
1064 1820 1172 1910 re·²⁰¹¹'

165 1941 281 2025 jectus
299 1951 364 2021 est,
382 1964 427 2008 ex
449 1965 518 2028 quo
538 1945 631 2009 facto
650 1944 727 2009 loco
746 1944 879 2010 decimo
898 1945 991 2027 regis
1012 1944 1117 2008 offen-

169 2061 242 2105 sam
266 2043 434 2122 incurrit3
461 2050 674 2126 quapropter
701 2043 794 2106 illico
816 2049 949 2106 tractus
971 2044 1008 2105 iu
1034 2062 1116 2106 cau·

169 2160 257 2219 sam,
279 2135 460 2206 ²Johanue
484 2142 716 2207 Mareschallo
740 2142 815 2222 regi
837 2141 1011 2205 deferente
1033 2161 1117 2224 que-

170 2241 277 2303 relam
294 2261 358 2323 pro
376 2233 548 2306 ³manerio
568 2241 729 2324 quodam,
747 2240 877 2323 quoda
894 2241 1012 2304 multis
1029 2246 1115 2303 tem·

170 2341 323 2419 poribus,
347 2346 388 2403 ut
403 2340 594 2418 dicebatur,
616 2340 895 2421 archiepiscopus
913 2338 1116 2402 inconcusse

170 2438 383 2518 possederat,
401 2439 540 2503 tandem
562 2445 643 2522 post
663 2456 788 2520 graves
805 2437 1010 2502 vexationes
1034 2455 1117 2500 con-

172 2537 313 2600 trariam
335 2539 529 2620 reportarit
547 2538 754 2602 sententiam
776 2544 812 2600 et
831 2537 904 2618 regi
922 2536 1117 2620 judicatum

171 2635 260 2699 solvi
283 2635 491 2700 sufficienter
507 2638 612 2714 cavit,
629 2636 748 2699 habita
767 2636 947 2700 taxatione
964 2636 1000 2698 in
1021 2633 1118 2716 quin·

171 2734 286 2814 gentis
303 2735 400 2798 libris
414 2756 422 2815 ;
442 2742 478 2799 et
497 2735 554 2799 hic
569 2735 647 2799 loco
661 2735 840 2798 undecimo
860 2733 1022 2816 apparuit
1039 2753 1117 2814 per·

173 2833 325 2897 turbatio
349 2835 442 2915 regis
474 2834 641 2897 adversus
672 2833 965 2916 archiepiscopum
997 2851 1119 2912 puram

173 2930 419 2997 conscientiam
440 2932 633 2996 habentem.
688 2931 778 2995 Item
797 2924 908 3013 4apud
930 2931 1120 2994 Northam-

174 3037 293 3096 tonam
320 3038 452 3095 tractus
480 3030 515 3094 iu
543 3050 682 3095 causam
711 3050 815 3112 super
837 3037 930 3104 actu,
957 3049 1059 3111 quem
1084 3030 1120 3091 in

174 3129 380 3194 cancellaria
414 3137 546 3211 egerat,
578 3129 799 3212 praesentiam
832 3145 930 3189 suam
963 3125 1121 3190 exhibuit

167 3229 278 3291 tertio
297 3228 376 3292 idus
399 3228 573 3305 Octobris,
588 3235 624 3292 et
643 3227 806 3310 quoniam
827 3224 1063 3288 castellaniam
1078 3225 1120 3286 de

176 3326 252 3408 Eya
276 3334 312 3390 et
334 3327 377 3390 de
398 3326 687 3391 Barchamestede
715 3325 870 3409 pluribus
893 3323 992 3386 anuis
1014 3323 1121 3386 libere

174 3424 397 3506 possedisset,
420 3426 565 3490 multum
588 3431 856 3489 consentaneum
877 3422 1005 3486 rationi
1026 3422 1122 3487 vide-

173 3523 289 3601 batur,
318 3532 358 3588 nt
386 3544 407 3588 a
436 3525 550 3606 capite
578 3524 745 3605 incipiens
775 3530 1015 3604 perceptorum
1044 3523 1121 3584 red·

174 3621 272 3687 deret
288 3623 494 3703 -rationem3
528 3622 588 3686 sed
619 3622 782 3705 quoniam
805 3628 885 3684 ante
914 3621 1123 3685 consecrati·

210 3802 218 3836 ¹
231 3805 370 3870 numeret]
387 3807 510 3869 Romuey,
521 3808 547 3856 in
559 3807 636 3856 Kent.
663 3800 738 3866 ham}
750 3805 871 3866 Stephon.
889 3803 1015 3864 Pagbam,
1025 3804 1052 3852 ln
1063 3805 1125 3852 Sus-

210 3870 391 3941 ²Johunae;]
413 3877 525 3927 marshal
547 3875 576 3924 oi
594 3875 637 3924 the
663 3878 727 3924 sext

174 3943 338 4007 excbequer3
364 3945 472 4006 Tyrrall.
513 3945 567 3994 'l’be
590 3944 637 3993 cir·
697 3941 1034 4006 ⁴ApadNortbrmtoaom.]
1052 3940 1126 3991 Com·

174 4021 334 4062 cumstauoes
345 4028 388 4063 are
399 4008 510 4064 detailed
519 4019 546 4063 at
551 4014 637 4076 length
662 4027 723 4073 pare
735 4011 886 4072 Quadrilog.
897 4026 924 4072 p.
936 4014 978 4072 46,
988 4025 1052 4076 seqq.
1071 4011 1125 4060 'l'he

175 4085 210 4144 by
221 4082 409 4144 Flu-Stephon,
419 4100 446 4146 p.
460 4088 502 4144 td,
512 4097 576 4150 seqq.
663 4085 770 4130 account
778 4083 804 4130 in
811 4081 854 4130 the
862 4084 916 4128 text
923 4081 946 4129 is
954 4079 1017 4129 from
1025 4081 1127 4144 niceto,

211 4147 468 4221 wanderadam]
482 4154 539 4202 ‘De
551 4154 638 4213 Paga·
663 4152 712 4202 col.
724 4154 782 4200 588.

228 4243 307 4290 VOL.
325 4243 363 4292 11.
950 4241 976 4290 X
