2820 4882
369 425 506 476 ηοω
528 426 800 475 nrsmrrnnorr.
997 411 1063 476 299

108 589 236 672 scopis,
267 587 453 671 episcopis,
483 587 679 662 abbatibus,
709 587 894 668 prioribus,
926 589 1227 691 comiti-Q&

110 691 188 765 bus,
204 688 393 750 baronibus
409 693 446 749 et
466 686 667 767 proceribus
691 686 800 766 regni,
821 686 915 749 facto
933 696 987 751 est
1010 700 1227 752 redon-⁶⁰¹·
1270 766 1276 777 ι

112 787 278 869 cognitio,
303 785 380 849 sive
406 784 614 860 recordatio,
639 783 819 867 eujusdam
847 787 958 867 portis
984 806 1066 851 con·

111 885 333 950 suetudinum
354 891 392 947 et
413 883 614 946 libertatum
637 891 895 948 antecessorum
911 905 1065 963 snorum,

112 986 207 1066 regis
229 983 394 1048 videlicet
412 981 558 1045 Henrici
584 983 642 1046 avi
666 983 722 1045 sui
746 991 782 1046 et
805 983 964 1061 aliorum,
986 1005 1066 1067 quae

114 1084 294 1148 observari
331 1081 506 1144 debebant
543 1080 580 1143 in
616 1101 725 1163 regno
760 1083 807 1145 ab
838 1083 1000 1146 omnibns
1031 1091 1067 1147 et

114 1183 238 1258 teneri,
265 1188 409 1264 propter
436 1180 670 1243 dissensiones
695 1188 731 1244 et
759 1180 950 1245 discordias
974 1202 1068 1264 saepe

114 1288 333 1363 emergentes
364 1280 456 1343 inter
483 1279 613 1342 clerum
640 1287 677 1343 et
697 1278 912 1362 justiciarius
939 1280 1068 1344 domiui

114 1379 209 1462 regis
232 1389 269 1443 ct
293 1373 515 1460 ¹magnatum
532 1378 654 1459 regni3
682 1377 804 1441 harum
819 1398 902 1443 vero
923 1399 1068 1443 consue·

115 1480 276 1544 tudinum
292 1479 548 1558 recognitarum
571 1476 730 1558 quaedam
751 1497 832 1560 pars
858 1479 895 1541 in
920 1479 1068 1544 sedecim

118 1578 282 1661 capitulis
296 1576 589 1659 subsequentibus
603 1576 811 1642 continetur.

168 1678 224 1740 De
247 1677 475 1740 advocatione
496 1683 532 1738 et
550 1678 819 1756 praesentatione
845 1677 1068 1742 ecclesiarum

116 1775 148 1840 si
162 1774 401 1840 controversia
420 1774 598 1839 emerserit
617 1774 710 1839 inter
730 1776 838 1840 laicos
859 1782 895 1839 et
913 1777 1069 1854 clericos,

119 1876 175 1939 vel
190 1876 284 1939 inter
298 1873 454 1951 clericos,
468 1875 506 1937 in
520 1874 618 1938 curia
632 1874 763 1938 domini
779 1876 871 1958 regis
886 1877 1071 1958 [tractetur

119 1982 156 2038 et
169 1975 385 2038 terminetur.

170 2072 337 2139 Ecclesiae
360 2072 404 2136 de
426 2071 528 2136 feodo
548 2071 680 2135 domini
701 2073 809 2154 regis]
832 2093 902 2137 non
923 2082 1071 2156 possunt

119 2175 157 2237 iu
171 2180 379 2255 perpetuum
394 2170 468 2235 dari
484 2172 615 2254 absque
632 2173 854 2236 concessione
870 2173 992 2255 ipsius.

170 2271 266 2335 Cleri
291 2273 446 2335 accusati
467 2271 511 2334 de
531 2290 737 2352 quacunque
756 2292 806 2349 re,
828 2271 1028 2337 summoniti
1049 2292 1072 2336 a

116 2371 314 2455 justiciario
345 2372 451 2452 regis,
477 2371 619 2434 veniant
644 2372 682 2433 in
712 2372 843 2435 curiam
875 2372 985 2455 ipsius
1016 2392 1071 2436 re·

121 2470 284 2553 sponsuri
312 2470 438 2534 ibidem
469 2470 513 2532 de
539 2469 618 2545 hoc,
646 2470 738 2533 unde
761 2470 935 2536 videbitur
967 2472 1072 2535 curiae

121 2571 228 2650 regis,
256 2569 349 2650 quod
382 2568 430 2632 ibi
456 2569 503 2631 sit
526 2568 825 2650 respondendum
855 2579 890 2634 et
914 2571 951 2633 in
975 2571 1072 2634 curia

121 2668 368 2744 ecclesiastica,
398 2666 489 2730 unde
520 2666 704 2744 videbitur,
736 2669 828 2750 quod
864 2670 913 2734 ibi
942 2670 990 2733 sit
1020 2690 1074 2733 re-

121 2767 381 2850 spondendum3
410 2767 461 2831 ito
484 2766 577 2848 quod
602 2767 695 2848 regis
716 2767 933 2850 justiciarius
959 2769 1074 2834 mittet

123 2869 161 2932 in
186 2867 319 2931 curiam
344 2873 475 2930 sancte
502 2864 658 2929 ecclesiae
690 2867 735 2929 ud
762 2868 960 2944 videndum,
985 2886 1073 2950 quo·

124 2966 227 3032 modo
244 2985 300 3029 res
312 2965 360 3028 ibi
374 2965 593 3029 tractabitur.
626 2964 672 3029 Et
688 2964 719 3027 si
735 2965 880 3042 clericus
892 2967 1073 3031 convictus

127 3066 183 3130 vei
209 3065 388 3129 confessus
411 3065 527 3141 suerit,
549 3083 620 3129 non
642 3065 745 3128 debet
770 3085 848 3128 enm
875 3064 918 3128 de
948 3072 1074 3128 caetero

124 3165 272 3229 ecclesia
287 3163 389 3229 tueri.

186 3262 480 3346 Archiepiscopis,
509 3260 681 3345 episcopis
716 3269 751 3327 et
783 3261 887 3326 claris
918 3263 1075 3344 personis

126 3364 237 3444 regni,
263 3382 333 3426 non
359 3362 441 3426 licet
470 3363 566 3426 exire
592 3382 614 3425 a
645 3382 754 3443 regno
779 3362 911 3445 ubsque
935 3361 1075 3426 licentia

126 3463 257 3527 domini
282 3462 395 3542 regis3
427 3460 516 3524 etsi
544 3461 705 3538 exierint,
731 3463 762 3524 si
788 3462 862 3543 regi
893 3461 1075 3544 placuerit,

126 3581 287 3626 securum
306 3579 384 3624 eum
407 3559 547 3637 sacient,
567 3560 659 3642 quod
681 3580 745 3624 nec
767 3561 804 3623 in
826 3560 938 3624 eundo
959 3562 1076 3624 necin

126 3660 301 3725 redeundo
315 3659 372 3723 vel
391 3678 524 3723 moram
547 3659 705 3724 faciendo
727 3660 928 3742 perquirent
947 3660 1075 3723 malum

127 3761 203 3823 sive
217 3759 381 3823 damnum
398 3759 538 3823 domino
552 3759 627 3840 regi
641 3759 697 3822 vel
714 3778 834 3840 regno.

179 3858 483 3922 Excommunicati
511 3878 582 3922 non
609 3858 736 3922 debent
760 3859 843 3921 dare
865 3856 1005 3921 vadium
1031 3858 1075 3921 ad

129 3977 323 4034 remanens,
338 3977 403 4021 nec
420 3965 588 4040 praestare
599 3957 848 4041 juramentum,
864 3957 924 4020 sed
940 3963 1075 4020 tantum

131 4104 197 4114 ..-

321 4212 324 4216 -
343 4181 529 4254 'Mognctun.]
547 4179 735 4248 ‘Magnetibus'
747 4185 773 4233 in
784 4185 842 4234 MS.
