2820 4882
393 399 395 403 ’
423 403 561 452 rnonns
586 403 855 454 nrsronmnnn.
1069 393 1114 455 85

159 563 293 627 victum
327 567 364 625 et
390 561 630 627 alimentorum
654 564 785 646 copias,
810 564 847 628 in
871 570 1111 629 nocumentum
1124 583 1247 624 enom.

158 662 369 744 principum,
393 661 584 726 intulerunt
610 663 647 725 in
680 664 824 742 urbem;
857 671 894 728 at
925 665 1111 747 principes,
1124 633 1273 724 diffie.

157 761 325 825 adhibitis
347 761 390 824 ad
408 761 520 824 lacum
544 763 690 826 navibus
710 769 747 826 et
764 765 906 828 armatis
928 764 1111 846 impositis,

157 861 327 925 victualia
343 861 477 925 civibus
495 861 755 926 subtraxerunt.
796 856 864 927 'Ad
886 863 1007 926 turrim
1024 883 1110 946 quo-

157 981 226 1043 que
251 960 440 1044 qnandam,
467 980 545 1042 quee
570 969 645 1026 erat
669 961 705 1024 in
731 968 830 1045 parte
854 963 1000 1026 australi
1025 963 1111 1027 civi·

157 1061 242 1124 tatis
274 1061 410 1125 caeteris
439 1061 597 1124 omnibus
622 1061 826 1125 eminentior
849 1069 885 1126 et
907 1062 1040 1139 fortior,
1065 1063 1109 1126 ad

154 1160 443 1243 expugnandum,
459 1179 537 1223 cnm
557 1161 673 1225 omnia
688 1161 873 1225 delicerent
894 1167 1110 1244 argumenta,

152 1259 296 1324 tandem
326 1259 555 1324 adhibuerunt
587 1260 803 1338 suffossores,
833 1262 892 1343 qui
923 1281 1000 1325 eam
1031 1282 1109 1326 cum

153 1360 266 1424 multo
280 1359 400 1423 labore
421 1359 653 1436 suffodientes,
667 1367 703 1424 et
716 1359 840 1442 ligneis
862 1362 1016 1425 materiis
1032 1381 1109 1425 sus·

153 1466 345 1536 tentantes,
370 1459 551 1542 supposito
573 1459 652 1523 dein
675 1461 756 1540 igne
773 1480 842 1542 qno
865 1460 961 1542 ligna
983 1481 1107 1525 consu·

153 1566 344 1635 merentur,
366 1558 447 1622 dum
468 1559 614 1623 materia
633 1559 669 1621 in
692 1559 823 1622 cineres
845 1568 937 1624 esset
954 1562 1107 1639 redacta,

154 1659 261 1722 turris
276 1677 355 1721 cum
369 1665 467 1722 tanto
479 1657 622 1740 ¹fragore
639 1659 780 1735 corruit,
795 1666 846 1737 ut,
863 1660 973 1723 instar
989 1668 1107 1724 terrae·

152 1765 282 1835 motus,
295 1758 517 1822 'audientium
544 1757 650 1822 corda
677 1759 884 1840 perturbans
906 1779 976 1822 non
998 1759 1107 1823 modi·

153 1878 233 1922 cum
254 1858 429 1939 ingereret
449 1877 514 1920 sua
537 1856 638 1920 ruina
651 1864 829 1922 terrorem.
881 1855 937 1922 Ad
955 1859 1107 1923 sonitum

152 1959 263 2040 igitur
288 1964 396 2022 tantee
423 1957 545 2033 ruinae,
569 1957 731 2021 excitatae
763 1957 917 2040 legiones
943 1958 987 2021 ad
1009 1977 1107 2022 arma

151 2057 352 2134 convolant,
373 2057 507 2121 animos
528 2063 668 2134 acuunt,
691 2057 791 2140 qnasi
808 2058 928 2123 urbem
948 2058 1106 2140 protinus

145 2157 352 2241 ingressuri.

208 2333 260 2396 De
274 2330 414 2417 ceptione
427 2331 543 2396 Nicaeae
557 2332 694 2398 evitetis
709 2341 737 2398 et
752 2333 790 2398 de
803 2330 1044 2398 remuneratione

525 2432 730 2518 inperatoria

213 2556 405 2622 Solimanni
432 2576 516 2621 vero
537 2577 638 2635 uxor,
661 2577 706 2621 ex
731 2556 836 2621 turris
860 2557 961 2620 ruina
982 2556 1017 2619 in
1043 2556 1265 2627 ‹to-srmone.

154 2659 388 2740 sperationem
405 2676 518 2734 versa,
537 2658 684 2722 navibus
709 2676 788 2720 cum
811 2657 883 2719 suis
905 2676 967 2739 per
989 2656 1103 2719 lacum

151 2757 301 2823 devecta
326 2758 370 2820 ab
390 2756 475 2820 urbe
497 2756 586 2820 clam
610 2755 796 2838 egreditur,
819 2756 880 2819 sed
905 2756 1025 2832 nostri,
1043 2757 1103 2838 qui

151 2859 189 2920 in
213 2858 292 2921 lacu
324 2862 424 2920 erant
449 2856 487 2919 in
515 2856 661 2920 navibus
688 2857 732 2919 ad
758 2855 1007 2937 explorandum
1040 2855 1103 2918 im·

149 2957 261 3035 missi,
284 2955 475 3038 fugientem
497 2956 650 3038 capiunt,
675 2961 711 3019 et
731 2961 868 3037 captam
891 2954 1102 3036 principibus

148 3062 385 3141 praesentant3
413 3055 525 3137 captis
550 3055 657 3136 igitur
680 3074 758 3118 eum
781 3054 842 3117 illa
867 3053 1000 3118 duobus
1022 3053 1102 3117 filiis

149 3157 224 3220 suis
243 3154 356 3219 adhuc
370 3154 518 3231 tenellis,
536 3154 600 3217 sub
615 3161 712 3218 arcta
725 3173 803 3217 cum
817 3160 927 3217 matre
945 3153 1103 3217 custodia

150 3256 374 3339 deputantur.
418 3255 504 3318 Dux
513 3252 938 3335 magnificusGodesridus
949 3251 1101 3315 Tureum

150 3348 337 3440 quendam,
353 3354 412 3436 qni
432 3353 560 3417 multos
584 3373 630 3416 ex
646 3353 774 3416 nostris
794 3352 872 3416 telis
889 3351 1101 3427 confoderat,

148 3463 186 3520 et
211 3456 354 3536 insuper
378 3452 551 3537 principes
576 3453 690 3516 verbis
719 3452 893 3534 probrosis
920 3449 1102 3526 afficiebat,

148 3556 228 3620 visu
243 3553 516 3637 opportunitate,
534 3553 665 3634 sagitta
682 3552 822 3615 cerebro
838 3551 1024 3634 perforato,
1040 3568 1102 3612 ex-

77 3669 83 3679 '
149 3663 207 3721 tra
223 3673 361 3717 murum
376 3653 413 3716 in
434 3652 603 3718 fossatum
620 3651 834 3735 praecipitem
848 3650 950 3714 dedit.
1003 3647 1102 3711 Tunc

147 3755 304 3838 undique
330 3770 450 3817 omnes
473 3752 518 3815 ad
541 3751 707 3815 insultum
730 3751 885 3827 animati,
906 3748 1001 3813 lituis
1024 3766 1102 3829 per·

148 3853 385 3938 strepentibus
409 3859 443 3915 et
469 3851 573 3929 tubis,
605 3850 855 3932 aggrediuntur
877 3849 1017 3925 urbem;
1047 3864 1101 3909 re-

147 3955 266 4039 pletur
280 3972 340 4016 aer
354 3951 574 4029 clamoribus,
589 3970 660 4014 non
675 3957 821 4032 prosunt
836 3948 977 4013 inclusis
993 3945 1102 4027 sagit·

298 4207 306 4239 ¹
318 4208 361 4260 Aa
371 4210 461 4259 turrim
471 4201 589 4275 queque]
608 4207 678 4256 will.
689 4206 750 4267 Tyr.
763 4220 806 4268 pp.
817 4208 875 4267 669,
886 4207 944 4253 670.
