2820 4882
344 379 410 443 304
598 395 732 442 nonunt
758 389 808 441 nn·
827 391 1037 444 wurenovun'

186 570 307 610 norm.
346 555 405 618 het
433 561 548 619 autem
578 555 763 636 prudentia
792 561 853 617 tua
886 553 1069 636 diligenter
1099 554 1296 632 advertere,

346 643 441 737 quod·
455 655 642 737 plurimum
657 655 812 731 interest,
830 653 969 737 quando
987 672 1032 716 ex
1048 652 1297 718 deliberatione

348 759 383 816 et
395 754 536 834 propria
543 754 735 831 voluntate,
747 761 782 816 et
795 753 934 835 quando
949 753 1149 834 ignorantia
1163 754 1220 817 vel
1235 774 1297 817 ne·
1401 754 1404 760 '

348 852 509 916 cessitate
534 852 651 935 aliqua
673 846 955 930 committuntur;
979 870 1072 928 nam,
1094 850 1185 915 sicut
1208 852 1298 934 legi·

349 957 416 1028 tur,
433 951 552 1034 Usque
567 952 653 1014 adeo
669 951 904 1015 voluntarium
921 956 976 1013 est
992 957 1185 1033 peccatum,
1204 952 1298 1033 quod

348 1050 415 1113 nisi
437 1049 484 1114 sit
501 1050 734 1115 voluntarium
752 1051 887 1113 nonsit
908 1055 1101 1132 peccatum.
1129 1049 1167 1111 Si
1189 1050 1303 1130 igitur·

350 1149 480 1232 aliquid
506 1148 629 1214 recolis
654 1155 688 1212 te
714 1149 939 1226 commisisse,
959 1148 1000 1211 de
1025 1167 1095 1230 quo
1118 1155 1154 1211 te
1171 1148 1301 1213 debeat¹

349 1248 490 1331 propria
516 1248 726 1313 conscientia
745 1248 952 1324 remordere,
974 1247 1138 1329 quicquid
1158 1247 1216 1324 sit,
1239 1268 1298 1311 sa-

350 1347 492 1424 cerdoti,
518 1348 579 1431 qui
610 1348 778 1411 discretus
800 1355 836 1410 et
862 1345 1029 1429 providus
1052 1345 1210 1423 hahetur,
1233 1348 1297 1411 tibi

350 1446 560 1510 consulimus
576 1467 639 1529 per
651 1445 893 1529 poenitentiam
907 1444 1082 1524 confiteri;
1101 1465 1171 1527 qno
1189 1446 1296 1523 facto,

350 1545 531 1609 miserator
545 1551 581 1609 et
601 1545 794 1609 misericors
811 1543 994 1621 Dominus,
1011 1544 1071 1626 qui
1092 1545 1201 1608 multo
1218 1546 1299 1628 plus

350 1643 395 1705 ad
426 1662 486 1707 cor
514 1644 654 1725 respicit
684 1662 789 1727 quam
815 1643 859 1706 ad
891 1650 1003 1718 actus,
1035 1643 1098 1706 tihi
1129 1652 1298 1709 consueta

350 1742 490 1824 pietatis
520 1761 593 1806 suae
621 1742 855 1806 misericordia
880 1741 1057 1821 dimittet3
1091 1749 1127 1805 et
1154 1763 1231 1820 noS,
1255 1744 1299 1808 de

351 1841 530 1904 beatorum
557 1841 654 1905 Petri
686 1848 722 1905 et
751 1841 855 1905 Pauli
886 1841 1123 1924 apostolorum
1153 1842 1299 1925 ejusque

352 1939 483 2003 meritis
506 1940 730 2018 confidentes,
753 1948 787 2005 te
806 1941 850 2004 ab
877 1960 919 2003 eo
945 1940 1037 2022 quod
1063 1946 1117 2003 est
1138 1943 1300 2005 commis·

352 2057 429 2102 sum
458 2040 682 2115 absolvimus,
710 2045 746 2102 et
773 2039 808 2102 id
839 2039 953 2120 ipsum
989 2038 1199 2103 fraternitati
1228 2047 1300 2104 tuae

352 2139 560 2203 auctoritate
576 2139 768 2221 apostolica
780 2139 989 2214 relaxamus,
999 2138 1218 2202 consulentes
1230 2140 1300 2204 uti-

353 2256 420 2319 que
443 2257 484 2301 ac
506 2238 723 2313 mandantes,
745 2243 785 2301 ut
807 2244 930 2319 postea
955 2256 977 2299 a
997 2237 1181 2301 missamm
1195 2249 1196 2252 ’
1210 2239 1301 2303 cele·

351 2335 510 2400 bratione
527 2345 669 2420 propter
683 2336 749 2400 hoc
766 2355 834 2400 non
851 2337 977 2401 debeas
993 2330 1191 2400 abstinere?

408 2507 496 2586 Quod
508 2530 563 2572 rae
577 2509 719 2586 decreuit,
736 2518 770 2574 ul
783 2530 805 2573 o
819 2508 911 2573 laicis
926 2508 1038 2572 clerici·
1042 2509 1248 2594 punirentur.
1287 2530 1290 2536 ·

190 2639 328 2737 &efflue
403 2626 549 2694 Eodem¹
569 2652 659 2696 anno
675 2652 737 2696 rex
756 2633 932 2696 Hernicus
948 2633 1070 2696 volens
1087 2634 1124 2696 in
1141 2634 1303 2714 singulis,

188 2739 327 2828 ltpprudir
352 2735 392 2792 ut
413 2729 561 2807 dicebat,
587 2732 758 2795 maleficia
781 2731 898 2795 debita
921 2750 999 2794 cum
1028 2731 1213 2796 severitate
1238 2753 1304 2815 pu-

354 2827 440 2905 nire,
463 2836 498 2893 et
521 2824 770 2913 cujuscumque
793 2830 921 2894 ordinis
944 2829 1148 2911 dignitatem
1168 2830 1213 2893 od
1231 2832 1300 2895 ini-

354 2946 460 3009 quum
489 2929 579 2992 trahi
603 2929 831 3011 dispendium,
854 2927 1082 3009 incongruum
1105 2947 1181 2993 esse
1205 2949 1302 2994 asse-

354 3026 434 3102 ruit,
452 3027 596 3091 clericos
612 3047 634 3090 a
651 3028 724 3091 suis
737 3026 941 3110 justiciariis
956 3028 993 3090 in
1010 3027 1148 3109 publico
1166 3027 1302 3111 flagitio
1383 3058 1387 3069 ¹

353 3124 584 3207 deprehensos
605 3127 779 3209 ,episcopo
813 3125 881 3190 loci
916 3125 1052 3190 tradere
1085 3126 1301 3209 impunitos;

353 3223 506 3288 decrevit
534 3226 636 3302 enim,
658 3233 699 3290 ut
727 3244 815 3307 quos
843 3225 996 3307 episcopi
1022 3225 1219 3291 invenirent
1240 3229 1303 3291 ob·

353 3324 489 3400 noxios,
505 3331 674 3407 praesente
692 3325 784 3405 regis
799 3323 1006 3406 justiciario,
1022 3332 1302 3403 exauctorarent,

353 3428 389 3484 et
416 3429 496 3504 post
521 3424 626 3487 curiae
657 3423 750 3504 regis
776 3423 953 3487 traderent
978 3423 1182 3505 puniendos.
1258 3425 1303 3490 In

353 3521 562 3585 contrarium
604 3522 776 3586 sentiebat
813 3521 1102 3604 archiepiscopus,
1134 3530 1175 3586 ut
1194 3565 1197 3568 >
1214 3543 1303 3605 quos

353 3627 580 3689 exauctorent
602 3621 754 3702 episcopi
775 3640 796 3684 a
819 3640 927 3684 manu¹
944 3621 1060 3684 laicali
1081 3622 1304 3703 postmodum

352 3738 422 3782 non
444 3720 660 3801 punirentur,
680 3719 763 3802 quia
789 3720 843 3784 his
865 3719 959 3782 inid
981 3720 1096 3802 ipsum
1117 3720 1234 3803 puniri
1251 3724 1305 3786 vi·

352 3817 529 3882 derentur,
565 3807 659 3882 Huic
681 3819 925 3883 controversiae
957 3819 1122 3900 praestitit
1147 3822 1304 3885 occasio-

352 3936 430 3979 nem
449 3916 632 4000 Philippus
650 3911 710 3981 ²de
732 3918 835 3994 Broc,
852 3918 1041 3981 canonicus
1064 3917 1299 3984 Bedesorden·

387 4091 589 4161 ¹Eodemonno.]
602 4095 664 4144 This
675 4096 780 4157 chapter
790 4096 813 4144 is
873 4092 929 4144 ²De
949 4090 1046 4163 Brea]
1070 4095 1120 4144 ‘de
1136 4093 1233 4157 Brois;’
1250 4099 1305 4148 Ste-

350 4163 560 4282 pealpen‘verbetim
571 4164 634 4214 from
652 4166 753 4229 Diaeta,
765 4166 812 4216 col.
837 4165 914 4283 ἔξω.
933 4181 960 4226 p.
978 4169 1019 4227 32,
1034 4165 1085 4215 and
1104 4166 1257 4229 Quadrilog.
1275 4185 1303 4230 p.
