2820 4882
350 425 490 474 anonas
513 426 783 475 nrsronrenuu.
977 410 1042 475 139

88 585 240 663 balistis„
256 585 391 650 ancos
407 587 467 669 qui
482 586 519 649 iu
534 587 687 650 turribus
709 593 820 664 erant,
844 605 888 650 ne
900 605 1040 649 manum
1053 599 1177 698 idm

88 692 235 768 possent
251 705 405 763 exerere,
421 685 595 750 indefesso
614 686 730 751 studio
748 705 887 768 operam
900 685 1041 763 dabant,
1052 698 1201 740 tuem-du·

90 786 152 849 alii
178 785 318 867 sagittis
338 793 375 849 et
384 785 485 869 jactu
503 786 657 868 lapidum
683 787 775 850 cives
800 805 821 849 a
842 805 1041 868 propugna-

89 885 180 949 culis
208 885 442 966 repellebant3
477 884 571 949 cives
602 886 862 968 aequipollenter
888 885 959 949 tela
987 905 1040 948 re·

90 985 277 1048 mittebant
305 991 341 1048 et
365 984 510 1066 lapides,
536 992 641 1066 atque
664 986 779 1066 ignem
806 983 844 1047 in
868 985 946 1048 ollis
971 984 1040 1048 fra-

91 1084 222 1166 gilibus
245 1103 324 1148 cum
350 1084 521 1167 sulphure
540 1091 576 1148 et
602 1086 689 1166 pice,
717 1083 839 1148 arvina
865 1090 901 1146 et
928 1083 1041 1165 adipe,

91 1191 234 1266 stuppa,
259 1203 351 1261 cera,
380 1185 484 1266 lignis
512 1183 618 1246 aridis
644 1191 679 1247 et
704 1184 834 1267 stipula
859 1182 1040 1265 impositis,

90 1290 131 1346 ut
154 1289 293 1346 nostras
316 1283 493 1347 machinas
515 1283 749 1361 incenderent,
769 1289 804 1346 et
824 1282 893 1345 alia
912 1282 1041 1345 iustru-

90 1390 211 1447 menta
223 1383 348 1446 bellica
358 1383 617 1466 retorquebant.
631 1383 756 1446 Fiebat
764 1382 882 1464 itaque
893 1388 1041 1446 exutro·

90 1501 162 1564 que
186 1482 317 1565 populo
345 1489 481 1565 strages
505 1502 574 1545 non
597 1482 743 1557 modica,
766 1481 848 1546 dum
870 1481 930 1545 alii
952 1481 1039 1564 lapi·

90 1581 175 1644 dum
204 1581 306 1664 jactu
331 1583 598 1646 conterebantur
628 1583 665 1644 in
697 1581 821 1658 frusta,
851 1581 910 1644 alii
944 1589 1040 1645 trans

90 1681 219 1744 loricas
236 1688 272 1745 et
293 1680 433 1765 clypeos
455 1681 740 1745 confodiebantur
756 1680 846 1759 telis,
861 1680 921 1743 alii
935 1680 1042 1745 funda

91 1787 129 1844 et
143 1780 261 1863 lapide
275 1783 537 1861 sternebantnr3
565 1800 628 1844 nec
643 1788 717 1845 erat
733 1781 835 1844 facile
849 1780 1041 1844 discernere

90 1886 264 1943 utercum
277 1879 408 1964 majore
423 1880 538 1945 studio
555 1881 704 1965 populus
719 1881 922 1944 decertaret.
955 1878 1041 1944 Erat
1119 1911 1123 1917 ·

91 1985 210 2043 tamen
233 1999 303 2043 una
323 1999 369 2043 ex
389 1980 557 2044 machinis
580 1981 720 2057 nostris,
746 2000 823 2062 quae
848 1999 937 2043 saxa
964 1980 1041 2042 miri

90 2078 255 2162 ponderis
287 2079 325 2142 in
349 2081 468 2144 urbem
494 2079 605 2144 multa
629 2080 796 2144 violentia
831 2080 1041 2157 remittebat,

92 2186 353 2261 contraquam,
375 2199 453 2243 cum
479 2179 576 2243 nulla
603 2186 678 2243 arte
699 2185 843 2262 possent
864 2178 1041 2260 proficere,

91 2278 180 2342 duas
204 2279 425 2346 adduxerunt
449 2278 635 2355 maleficas,
661 2287 701 2343 ut
729 2299 805 2343 eam
831 2279 1042 2342 fascinarent

92 2384 129 2442 et
156 2379 289 2443 artibus
308 2378 453 2461 magicis
476 2378 656 2443 redderent
676 2379 920 2461 impotentem;
950 2397 1040 2460 quae,

92 2477 174 2542 dum
198 2479 271 2541 suis
302 2479 474 2542 instarent
499 2479 685 2561 praestigiis
720 2498 825 2561 super
848 2497 984 2541 murum
1006 2486 1041 2543 et

91 2577 397 2656 incantationibus„
414 2599 459 2642 ex
475 2577 594 2641 eadem
609 2578 769 2643 machina
784 2578 923 2641 molaris
941 2578 1042 2641 emis-

92 2695 152 2740 sus
177 2684 361 2759 utramque
389 2677 539 2755 illarum,
563 2697 642 2740 cum
665 2678 775 2741 tribus
801 2678 934 2741 ancillis
962 2697 1041 2759 quae

91 2777 231 2840 illarum
269 2777 408 2840 fuerant
445 2795 602 2859 gressum
640 2777 860 2859 [comitatae]‚
899 2784 1040 2859 repente

91 2875 258 2941 contrivit
275 2883 312 2940 et
333 2896 378 2941 ex
395 2896 495 2941 muro
514 2875 657 2939 inferius
674 2877 850 2940 exanimes
867 2878 903 2940 in
928 2876 1040 2941 fossa·

92 2983 165 3042 tum
195 2974 345 3059 dejecit3
379 2976 470 3040 unde
484 2977 521 3040 in
539 2977 663 3039 castris
687 2974 801 3040 factus
825 2984 879 3040 est
896 2977 1039 3059 plausus

91 3076 217 3158 iugens
234 3082 269 3138 et
286 3075 468 3152 exultatio,
487 3081 522 3138 et
547 3094 566 3137 e
589 3076 764 3139 contrario
787 3077 919 3140 civibus
936 3096 1041 3140 moes-

92 3176 172 3240 titia
198 3175 320 3256 ingens
340 3175 502 3239 accrevit.
549 3173 647 3238 Cum·
660 3175 767 3256 igitur
786 3195 896 3257 usque
921 3177 958 3239 in
980 3174 1042 3239 ho·

92 3295 167 3339 ram
196 3273 264 3338 diei
292 3276 474 3357 septimam
499 3273 573 3338 sine
599 3281 695 3338 certa
717 3275 863 3338 victoria
887 3282 1044 3356 protrac-

92 3383 168 3439 tum
191 3381 283 3438 esset
302 3375 492 3456 negotium,
516 3372 737 3456 desperantes
756 3375 864 3438 nostri
882 3381 918 3437 et
936 3393 1043 3456 supra

92 3475 186 3539 vires
211 3474 351 3556 fatigati
374 3473 569 3539 habueruut
600 3473 816 3557 propositum
841 3474 985 3538 castella
1007 3482 1043 3538 et

92 3573 272 3638 machinas
295 3573 383 3637 alias
401 3574 476 3658 jam
501 3575 583 3655 igne
609 3580 747 3656 recepto
772 3574 945 3638 fumantes
965 3575 1038 3637 lon·

92 3675 171 3757 gius
195 3693 217 3736 a
239 3674 347 3737 muris
365 3693 495 3752 arcere,
510 3681 546 3738 et
560 3693 669 3756 usque
687 3676 723 3738 in
746 3674 836 3738 diem
854 3675 1040 3738 crastiuum

93 3773 292 3839 conflictum
310 3773 457 3853 differre,
472 3793 550 3838 cum
566 3793 645 3838 ecce
661 3775 774 3839 virtus
795 3775 913 3838 divina
932 3774 1043 3838 adfuit

93 3882 128 3939 et
157 3875 262 3938 rebus
290 3874 480 3957 desperatis
518 3874 673 3938 solamen
703 3874 868 3954 donavit3
898 3894 978 3937 nam
1000 3874 1043 3937 de

94 3980 213 4038 monte
231 3972 362 4039 Oliveti
376 3975 475 4038 miles
493 3974 645 4057 quidam,
665 3974 880 4056 splendidum
903 3982 938 4038 et
958 3976 1043 4039 satis

94 4072 320 4156 refulgentem
349 4074 548 4139 ventilando
577 4073 748 4157 clypeum,
780 4075 918 4156 signum
950 4075 1044 4139 dedit

96 4172 222 4239 nostris
245 4173 452 4258 legionibus,
476 4183 515 4239 ut
539 4175 690 4240 redirent
715 4174 759 4238 ad
785 4175 982 4240 conflictum
1009 4182 1045 4239 et
