2820 4882
327 405 392 470 3221
583 420 719 469 nocant
744 421 791 466 ou
815 418 1022 468 wunnovnu

329 651 443 714 Litana
458 649 742 739 Aleaundripupae
755 651 800 715 ud
813 647 1013 726 Gilebertum,
1029 648 1273 712 Londona‘ensem

380 737 382 741 ⁸
714 738 896 834 episcopum.

169 895 293 934 annio.
357 938 360 941 ,
401 855 531 936 Eodem
573 880 725 954 tempore
761 872 918 936 dominns
951 891 1044 955 papa
1083 868 1285 934 Alexander

170 946 284 1033 {little
333 972 472 1054 scripsit
490 971 681 1049 Gileberto,
698 972 930 1037 Loudoniensi
948 972 1124 1053 episcopo,
1142 989 1207 1052 pro
1225 988 1286 1031 ηε,-

171 1045 300 1083 ‘mm'
333 1073 430 1153 gotio
448 1070 706 1137 cantuariensis
728 1070 894 1148 ecclesiae,
908 1072 944 1133 in
967 1070 1042 1134 haec
1060 1071 1186 1146 verba3
1211 1061 1283 1129 ”A

172 1192 294 1231 nenne
335 1171 499 1234 memoria
528 1178 590 1234 tua
621 1190 691 1234 non
724 1170 894 1233 credimus
921 1169 1103 1246 excidisse,
1134 1166 1286 1250 qualiter

172 1242 310 1337 dibillfdw
335 1271 533 1333 carissimus
555 1270 591 1332 in
618 1268 757 1333 Christo
781 1269 874 1332 filius
889 1276 1006 1333 vester
1029 1267 1218 1342 Henricus,
1241 1265 1283 1328 il·

173 1341 280 1430 llllll‘
336 1368 454 1431 lustris
478 1389 540 1432 rex
562 1365 769 1453 Anglorum,
792 1368 903 1432 multa
926 1388 948 1432 a
974 1367 1073 1431 nobis
1096 1366 1177 1431 olim
1206 1384 1285 1447 pre·

336 1487 412 1530 cum
428 1466 596 1531 instantia
612 1468 805 1550 requisivit,
827 1475 867 1531 ut
888 1469 934 1531 ab
958 1464 1207 1530 Herefordeusi
1230 1484 1286 1528 ec·

337 1565 451 1644 clesia,
473 1567 528 1629 cui
550 1568 809 1651 praeeminebaS,
827 1567 869 1630 de
890 1574 925 1631 te
947 1567 984 1629 in
1009 1565 1286 1629 Londoniensem

338 1665 518 1749 ecclesiam
534 1665 795 1729 translationem
808 1666 885 1732 vlieri
900 1673 1108 1748 pateremur.
1157 1664 1208 1727 Ut
1224 1682 1285 1726 au-

312 1772 408 1827 ·tem
440 1781 514 1828 suae
544 1763 703 1845 petitioni
733 1773 889 1829 nostrum
915 1784 1020 1847 super
1035 1764 1109 1831 ¹hoc
1131 1762 1287 1845 imperti-¹

338 1882 452 1926 remur
475 1882 667 1940 assensum,
689 1865 929 1928 necessitatem
944 1863 1179 1933 imminentem
1194 1862 1288 1944 pari·

339 1970 392 2025 ter
406 1970 441 2047 et
459 1963 645 2026 utilitatem
667 1965 895 2045 proponebat,
914 1982 1072 2026 asserens
1094 1961 1186 2044 quod
1202 1960 1288 2025 civi·

339 2069 394 2125 tas
418 2061 478 2130 illa
504 2063 604 2144 quasi
629 2062 726 2142 regia
742 2062 846 2132 ,sedes
872 2063 1057 2142 existeret3
1080 2069 1127 2138 et,
1145 2060 1228 2143 quia
1251 2067 1288 2123 et
1345 2116 1348 2120 .

340 2160 515 2242 religionis
548 2168 583 2224 et
614 2161 830 2226 discretionis
860 2163 989 2225 virtute
1016 2161 1183 2226 crederet
1196 2178 1287 2242 prae·

340 2260 655 2336 eminere‚·consilio
666 2268 726 2324 tuo
738 2280 842 2343 snper
856 2261 922 2337 his,
940 2280 1018 2342 qnae
1031 2259 1137 2324 saluti
1154 2259 1288 2322 anima·
1378 2342 1381 2347 ,

340 2378 416 2421 rum
445 2360 649 2441 expedirent
671 2366 707 2422 et
728 2361 771 2424 ad
794 2361 892 2442 regni
914 2367 1138 2441 augmentum
1160 2358 1291 2440 pariter

341 2465 377 2521 et
395 2466 398 2471 ’
414 2459 712 2524 conservationem
747 2464 957 2541 spectarent,
986 2458 1222 2542 temporaliter
1253 2463 1288 2519 et

341 2557 566 2640 spiritualiter
580 2558 631 2620 nti
647 2557 795 2635 volebat,
812 2567 848 2622 et
864 2559 942 2622 ideo
960 2557 1070 2640 magis
1091 2558 1287 2640 proximum

340 2662 376 2718 te
391 2655 608 2719 desiderabat
627 2656 764 2721 habere.
818 2657 920 2721 Unde
943 2657 1160 2720 attendentes
1183 2673 1289 2739 quam

340 2755 472 2818 utiliter
503 2755 686 2836 prudentia
711 2764 746 2820 et
770 2743 892 2838 religio
916 2762 977 2819 tua
1001 2755 1107 2819 saluti
1133 2754 1289 2839 ejusdem

340 2854 496 2934 regni'et
522 2855 614 2935 regis
635 2862 753 2937 posset
775 2856 964 2934 consulere,
983 2862 1031 2933 et,
1051 2862 1182 2938 quanta
1208 2853 1290 2917 inde

340 2953 457 3017 valeat
483 2954 710 3038 commoditas
733 2956 926 3036 provenire,
946 2954 1092 3018 libenter
1116 2954 1189 3018 suis
1210 2973 1291 3035 pre·

342 3053 437 3117 cibus
468 3053 706 3134 adquievimus
739 3061 774 3117 et
806 3061 841 3118 te
871 3054 1103 3119 concessimus
1133 3053 1171 3116 in
1198 3052 1294 3116 Lon-

342 3151 497 3216 doniensi
530 3152 676 3216 ecclesia
707 3154 923 3235 promoveri;
955 3153 1046 3227 unde
1073 3159 1204 3234 quanto
1232 3153 1293 3214 be-

342 3251 481 3332 nignius
505 3251 582 3334 ejus
607 3252 860 3333 beneplacitum
888 3261 924 3317 et
949 3252 1163 3330 voluntatem
1196 3270 1291 3316 com-

342 3350 512 3431 plevimus
540 3359 575 3414 et
601 3357 675 3414 tuae
694 3352 825 3434 pariter
848 3352 1053 3416 exaltationi
1080 3350 1292 3415 intendimus

342 3456 377 3511 et
397 3449 531 3524 honori,
556 3457 655 3513 tanto
675 3451 831 3531 probitas
853 3457 915 3514 tua
932 3451 1024 3515 circa
1042 3450 1292 3513 incrementum

342 3555 376 3612 et
393 3550 690 3615 conservationem
713 3551 867 3614 ecclesiae
889 3550 1036 3632 amplius
1050 3549 1191 3613 deberet
1206 3550 1294 3613 eniti·

309 3672 312 3678 ’
341 3654 377 3710 et
391 3647 558 3715 attentius
576 3647 749 3733 circahoc
765 3648 936 3727 laborare,
952 3656 992 3712 ut
1011 3649 1170 3725 fructum,
1187 3668 1291 3731 quem

340 3746 429 3809 idem
444 3766 505 3810 rex
523 3746 623 3810 nobis
638 3749 828 3829 proposuit,
844 3755 880 3812 et
898 3768 961 3813 nos
983 3767 1175 3831 speramuS,
1192 3748 1293 3811 exhi·

340 3845 471 3908 bitione
492 3846 606 3927 operis
629 3853 664 3909 et
683 3847 761 3929 ipsa
780 3867 893 3910 rerum
912 3847 1127 3930 experientia
1144 3867 1295 3929 cognos-

340 3963 470 4007 camus.
524 3943 707 4023 Quomodo
723 3953 839 4010 autem
854 3967 916 4011 rex
934 3947 1120 4030 praedictus
1140 3964 1162 4008 a
1186 3946 1293 4011 devo·¹

375 4124 415 4174 ¹A
439 4129 552 4176 memoria
574 4128 647 4190 tau]
682 4128 805 4190 Compare
830 4130 874 4178 vii.
884 4129 970 4179 where
987 4130 1007 4179 it
1023 4131 1046 4179 is
1061 4130 1138 4179 dated
1156 4131 1296 4194 clermont,

250 4201 252 4207 '
344 4197 478 4256 Heroden,
489 4212 515 4258 p.
528 4197 658 4258 5⁰l‚with
676 4199 720 4247 lib.
733 4199 751 4247 i.
764 4214 805 4261 ep.
832 4200 890 4248 loth
902 4200 974 4260 July.
