2820 4882
405 425 546 473 neonus
569 426 842 477 uisrorunauu.
1035 408 1102 474 425

148 589 249 652 dinus
266 607 345 651 cum
367 587 515 669 strepitu
532 594 774 670 tympanorum
792 596 827 653 et
848 587 1037 653 tubicinum
1057 588 1101 652 ad
1115 599 1239 640 A-⁰·1¹⁸⁷·

148 688 316 771 templum
337 689 557 770 properabat,
580 696 616 752 et
638 707 740 752 cruce
761 707 839 771 quae
861 689 897 752 in
919 708 960 752 eo
987 696 1103 754 erecta

150 790 269 852 stabat
288 787 459 869 deposita,
482 786 671 871 ejectisque
691 807 770 870 qnae
790 787 980 852 Christiani
997 808 1102 853 vene·

150 890 331 965 rabuntur,
348 885 514 969 templum
531 887 626 950 intus
643 894 679 951 et
698 895 799 952 extra
818 907 910 970 aqua
931 888 1104 953 lustrabat

152 1006 306 1064 rosacea,
324 994 360 1051 et
382 987 432 1050 sic
449 987 575 1050 erroris
594 988 649 1051 sui
664 989 928 1070 superstitiones
943 1008 1004 1070 per
1018 1006 1103 1071 qua·

153 1094 232 1152 tuor
249 1086 398 1169 angulos
418 1085 537 1169 templi
554 1106 681 1169 magno
698 1086 780 1151 fecit
801 1088 948 1171 strepitu
966 1087 1103 1152 concla··

151 1188 260 1267 mari3
291 1185 471 1250 ecclesiam
493 1195 626 1250 sanctae
648 1187 909 1251 resurrectionis
929 1195 965 1251 et
986 1189 1103 1269 sepul·

151 1287 271 1351 ebrum
293 1284 514 1350 Dominicum
536 1302 613 1349 cum
638 1286 724 1350 locis
747 1287 826 1351 aliis
849 1288 1103 1352 venerabilibus

154 1387 361 1470 quibusdam
380 1384 536 1467 Syrianis
557 1387 621 1451 sub
642 1393 737 1451 certo
754 1387 934 1453 constituit
951 1386 1102 1468 tributo;

152 1494 187 1551 et
208 1487 289 1551 inde
309 1486 517 1550 festinanter
544 1504 750 1568 progressus
771 1488 875 1550 urbes
896 1506 1016 1551 omnes
1038 1488 1104 1551 cir·

152 1606 370 1670 cumquaque
391 1586 524 1668 positas
541 1593 577 1650 et
592 1586 720 1669 oppida
741 1587 955 1671 subjugavit,
977 1594 1105 1671 praeter

154 1685 362 1750 Ascalonem
381 1693 417 1750 et
438 1685 583 1768 Tyrum,
601 1692 636 1750 et
659 1685 772 1751 Craeb
793 1687 885 1752 ultra
901 1687 1104 1766 Jordanem,

152 1787 243 1869 quod
261 1787 330 1851 alio
342 1785 481 1850 nomine
498 1785 625 1850 dicitur
641 1785 902 1869 Mons-regalis.

164 1960 342 2027 Prohibitio
350 1982 446 2047 popa
461 1983 499 2026 ao
513 1960 637 2027 melam
652 1962 689 2026 dc
703 1961 863 2026 Akiotooa
878 1968 1085 2026 eoaotruutur.

214 2086 346 2150 Eodem
373 2104 465 2150 anno
491 2105 585 2172 papa
613 2087 777 2152 Urbanus
809 2085 948 2170 scripsit
974 2085 1101 2150 Balde·
1114 2098 1264 2191 &mm

152 2185 256 2263 wino,
288 2185 531 2250 Cantuariensi
566 2187 838 2270 archiepiscopo,
868 2206 931 2269 pro
961 2186 1101 2267 negotio
1114 2199 1269 2302 ffissllffl⁰¹

151 2292 341 2350 conventus
359 2285 513 2349 ecclesiae
531 2285 686 2370 ejusdem
702 2286 738 2349 iu
756 2287 831 2350 baec
848 2288 973 2366 verba3
995 2279 1023 2321 ¹‘
1037 2287 1101 2350 Di·
1245 2278 1251 2291 ’

151 2385 232 2449 lecti
251 2385 312 2448 filii
334 2384 457 2464 nostri,
480 2386 574 2468 prior
595 2393 631 2450 et
650 2394 842 2452 conventus
864 2385 1018 2451 ecclesiae
1038 2387 1102 2450 tibi

151 2485 356 2563 commissae,
371 2483 416 2548 ad
429 2492 583 2550 nostram
601 2487 820 2569 praesentiam
834 2487 952 2550 literas
964 2492 999 2549 et
1015 2504 1103 2552 nun·

153 2585 219 2648 tios
241 2584 455 2649 destinantes
476 2594 731 2668 proposuerunt
756 2586 799 2650 de
820 2576 980 2664 ecclesia,
997 2606 1102 2669 quam

86 2678 88 2681 ’
152 2683 323 2749 aedificare
340 2685 490 2767 coepisti,
509 2692 645 2749 tanturn
662 2687 728 2750 sib'i
743 2694 780 2751 et
792 2687 945 2751 ecclesiae
963 2687 1102 2769 dispen-

153 2784 246 2847 dium
266 2791 524 2868 proventurum,
546 2785 650 2868 quod,
666 2787 733 2850 nisi
747 2787 851 2850 fuerit
868 2788 913 2850 ab
929 2786 1005 2870 ejus
1022 2805 1103 2851 con·

152 2885 343 2949 structione
364 2891 550 2962 cessatum,
569 2887 772 2970 praescripta
790 2885 936 2949 ecclesia
951 2905 1024 2949 snae
1041 2886 1099 2950 bo·

152 2985 299 3048 nestatis
323 2991 359 3048 et
380 2990 494 3048 status
515 2986 708 3049 miserabile
730 2985 895 3066 suscipiet
916 2984 1101 3049 detrimen-

152 3091 246 3164 tum3
276 3103 340 3148 nos
362 3090 478 3148 autem
501 3082 649 3149 sollicito
670 3084 849 3168 providere
866 3081 1034 3160 volentes,
1057 3101 1101 3150 ne·

152 3183 241 3248 inter
262 3191 297 3248 te
320 3191 355 3248 et
377 3185 501 3248 iratres
524 3191 603 3250 tuos
627 3184 772 3249 materia
796 3189 971 3248 remaneat
987 3184 1100 3267 jurgi-

152 3302 263 3361 orum,
286 3304 364 3347 cum
393 3303 462 3348 non
484 3291 631 3367 possunt
657 3285 901 3350 convenienter
922 3283 1099 3348 intendere

152 3382 278 3448 divinis
302 3385 489 3468 obsequiiS,
507 3383 567 3468 qui
590 3382 729 3448 suntin
751 3383 1040 3461 contentionibus
1057 3385 1100 3448 de

150 3483 294 3547 consilio
321 3483 466 3547 fratrum
489 3492 685 3548 nostrorum
705 3501 883 3548 monemus
902 3484 1101 3548 fraternita·

151 3589 220 3646 tem
235 3591 271 3648 et
288 3585 442 3649 districte
453 3584 685 3667 praecipimus,
698 3591 881 3667 quatenus,
896 3584 1004 3648 donec
1019 3604 1101 3649 cau·

151 3702 192 3751 sa
216 3685 357 3766 cognita
385 3691 580 3749 statuamus
605 3684 687 3768 quid
709 3684 752 3747 de
772 3684 849 3767 ipsa
869 3684 943 3747 fieri
965 3684 1100 3762 debeat,

151 3784 244 3847 omni
266 3771 447 3848 occasione
466 3792 501 3848 et
519 3784 753 3869 appellatione
771 3784 977 3867 postposita,
995 3785 1039 3847 ab
1058 3784 1100 3847 il-

151 3883 219 3946 lius
243 3885 398 3949 ecclesiae
424 3884 681 3949 constructione
706 3884 865 3959 desistas,
887 3883 996 3947 literis
1022 3883 1099 3946 aliis

149 4002 219 4046 non
249 3985 467 4048 obstantibus
496 4004 517 4048 a
549 3984 630 4049 sede
662 3983 855 4067 apostolica
883 3982 1100 4065 impetratis!
1207 4034 1209 4038 ,

166 4157 300 4237 {Dilecta}
315 4161 419 4225 Ditem,
429 4161 477 4211 ool.
490 4164 547 4212 635.
583 4162 615 4210 In
626 4162 668 4212 tbe
676 4166 729 4211 text
740 4163 760 4211 it
771 4162 793 4211 is
804 4159 943 4212 somewbat
953 4159 1085 4224 abridged.
