2820 4882
428 435 575 485 ,111111
599 437 870 491 1111111111.
1083 429 1128 494 69

174 595 279 659 millia
308 597 464 680 peditum
498 620 576 664 cum
608 600 782 684 equitibus
812 604 970 669 ducentis
1002 624 1123 671 versus
1137 624 1261 666 11111.

174 695 331 761 Nicaeam
353 699 547 778 tendentes,
571 702 616 765 ad
638 703 804 784 oppidum
830 705 1015 787 quoddam,
1037 675 1289 788 quadii'd'dr..

171 803 248 860 tuor
261 798 433 862 milliariis
450 818 472 863 a
490 800 612 864 Nicaea
629 802 776 880 distans,
786 812 965 882 venerunt,
977 812 1012 869 et
1027 805 1121 872 facto

170 897 300 980 impetu
309 898 623 979 vehementissimo,
632 904 905 984 repugnantibus
919 906 1044 969 acriter
1060 926 1122 990 op·

170 997 308 1079 pidanis
329 1000 390 1063 sed
414 1000 498 1064 nihil
520 1002 792 1084 proficientibus,
816 1003 1001 1068 Teutonici
1023 1008 1122 1089 oppi-

168 1097 248 1160 dum
267 1107 441 1182 ocoupant
452 1101 632 1166 violenter.
684 1102 852 1180 Tandem,
868 1103 1121 1170 habitatoribus

167 1200 328 1263 omnibus
343 1201 559 1283 interemptis
575 1210 611 1266 et
628 1204 799 1267 manubiis
815 1205 951 1267 cunctis
970 1224 1119 1288 occupa·

169 1299 224 1375 tis,
245 1307 399 1364 castrum
421 1303 593 1379 muniunt,
615 1310 650 1366 ct
669 1302 737 1367 loci
759 1303 937 1385 opulentia
955 1305 1058 1368 simul
1083 1314 1118 1370 et

168 1401 371 1464 amoenitate
393 1401 556 1466 delectati
577 1422 687 1486 usque
710 1403 753 1466 ad
776 1404 969 1486 principum
987 1405 1116 1470 adven·

167 1505 239 1561 turn
258 1500 308 1563 ibi
327 1520 544 1566 commanere
562 1510 781 1585 proponunt3
808 1504 867 1567 sed
884 1504 1115 1584 solimanum,

166 1600 319 1680 regionis
340 1600 434 1664 illius
451 1601 623 1679 dominus,
642 1603 786 1667 audiens
800 1604 893 1686 quod
908 1604 1116 1671 Teutonico-

165 1718 343 1782 mingens
361 1702 525 1784 oppidum
546 1722 648 1765 suum
667 1711 907 1785 expugnatum
930 1725 1115 1786 praesume-

165 1806 217 1863 ret
249 1800 416 1878 detinere,
440 1822 518 1866 cum
547 1803 642 1866 omni
665 1802 887 1867 festinatione
917 1804 999 1868 illuc
1030 1826 1113 1870 cou-

165 1899 289 1976 tendit,
316 1908 352 1965 11
374 1908 526 1965 castrum
550 1903 712 1967 obsidens
729 1903 899 1967 violenter
919 1914 1112 1986 expugnat,

164 2001 324 2064 omnibus
350 2021 438 2086 quos
466 2001 560 2066 intus
592 2003 720 2085 reperit
741 2003 859 2085 gladio
884 2005 1112 2087 interemptis

166 2099 273 2164 Venit
301 2101 435 2165 interea
464 2123 582 2167 rumor
610 2104 648 2166 11
679 2104 815 2180 castris,
842 2103 1110 2168 Teutonicorum

164 2200 322 2265 cohortes
346 2201 382 2264 in
405 2203 564 2267 manibus
591 2203 783 2267 Solimanni
806 2204 987 2282 incidisse3
1019 2206 1111 2270 unde

163 2302 311 2369 veritate
336 2310 525 2384 comperta,
554 2303 805 2368 reluctantibus
836 2304 1037 2387 majoribus,
1068 2305 1109 2370 de

163 2403 317 2465 exercitu
341 2403 385 2466 ad
403 2422 500 2466 arma
522 2404 706 2486 prosiliunt
722 2404 886 2481 universi,
905 2411 941 2467 et
956 2406 1109 2486 peditum

163 2503 306 2584 triginta
320 2503 472 2585 quinque
487 2503 595 2567 millia
610 2524 687 2567 cum
708 2503 882 2585 equitibus
899 2505 1108 2586 quingentis,

161 2602 329 2666 ordinatis
353 2604 559 2684 agminibus,
590 2604 633 2667 ad
661 2611 779 2686 partes
804 2602 944 2667 Nioaeas
968 2612 1109 2669 conten-

162 2702 259 2779 dunt,
274 2710 311 2766 et
326 2703 362 2765 in
383 2704 533 2786 quodam
555 2723 677 2785 campo
695 2702 932 2767 Solimannum
954 2724 1032 2767 cum
1054 2706 1108 2769 in·

163 2822 305 2866 numera
322 2802 515 2868 Turoorum
535 2803 754 2867 multitudine
780 2803 993 2868 invenientes
1018 2806 1105 2869 irru-

163 2910 221 2967 unt
246 2911 408 2986 potenter
425 2904 461 2966 in
478 2904 616 2984 hostes;
640 2903 699 2966 sed
714 2903 832 2979 Turoi,
850 2903 996 2968 scientes
1014 2906 1107 2987 quod

161 3022 212 3066 res
227 3023 293 3085 pro
310 3003 482 3085 capitibus
504 3014 678 3086 ageretur,
693 3003 935 3085 gravissimum
955 3007 1107 3086 peregri·

162 3104 212 3166 nis
243 3102 423 3167 reddidere
448 3104 658 3180 conflictum,
682 3110 728 3181 et,
752 3104 892 3167 tandem
921 3106 1106 3186 oppressis,

161 3201 240 3266 dum
269 3204 406 3286 pondus
438 3203 548 3286 praelii
573 3203 662 3267 ferre
693 3203 823 3267 diutius
847 3223 915 3267 non
940 3204 1106 3280 valerent,

159 3302 276 3385 fugam
303 3305 436 3380 ineunt,
464 3304 658 3385 agminibus
679 3303 869 3378 dissolutis,
895 3322 984 3383 quos
1000 3302 1106 3367 Turci

159 3404 285 3484 gladiis
301 3405 521 3486 insequentes
537 3411 689 3486 stragem
707 3423 774 3467 non
787 3404 955 3467 modicam
971 3410 1107 3468 nostra-

159 3505 251 3566 tibus
268 3504 470 3568 intulerunt.
523 3503 729 3567 Ceciderunt
746 3503 850 3567 ibide
866 3504 1019 3567 exercitu
1036 3502 1104 3567 Pe-

158 3605 201 3666 tri
216 3603 362 3680 nobileS,
375 3602 577 3667 Gualterius
589 3603 787 3679 Sensavior,
802 3623 879 3666 oum
890 3596 898 3633 ¹
908 3602 1104 3683 Reginaldo

156 3703 198 3766 de
213 3705 315 3767 Breis
331 3711 367 3767 et
386 3703 556 3767 Fulchero
570 3702 825 3779 Aurelianensi,
842 3709 877 3766 et
895 3702 937 3765 de
959 3703 1105 3783 triginta

158 3803 309 3867 millibus
332 3803 497 3886 peditum,
513 3804 573 3886 qui
596 3803 638 3867 de
657 3802 781 3866 castris
803 3802 933 3884 egressi
955 3802 1104 3882 fuerant,

157 3903 260 3966 simul
286 3910 322 3967 et
345 3903 518 3985 equitibus
542 3902 742 3985 quingentis
766 3902 826 3965 vix
854 3900 910 3965 vel
933 3920 1024 3965 unus
1046 3923 1104 3966 su-

156 4003 298 4086 perfuit,
315 4004 375 4085 qui
386 4023 555 4068 carcerem
575 4002 737 4067 evaderet
754 4001 810 4065 vel
826 4009 970 4065 mortem
985 4023 993 4080 ;
1025 4022 1104 4067 ecoe

156 4103 315 4187 praelium
342 4104 585 4167 inobedientiae
608 4122 711 4185 quem
735 4102 838 4165 finem
862 4102 995 4179 habuit,
1023 4103 1105 4166 dum

190 4312 497 4376 1111111111]
517 4311 815 4373 ι111111111111
832 4312 901 4364 win.
912 4313 972 4375 ryr.
984 4329 1009 4375 p.
1022 4317 1079 4364 11.
