2820 4882
351 375 416 438 316
601 390 735 437 noonnr
759 391 806 437 nu
829 357 1036 440 wnunovn‘n

191 564 329 603 annm
351 566 447 610 meus
465 542 561 624 estis,
576 551 652 610 tum
675 547 758 628 quia
779 565 842 609 rex
864 565 974 623 meus,
1000 552 1074 609 tum
1098 546 1182 628 quia
1207 546 1300 610 filius

189 615 272 652 Lerterc

191 663 301 702 ornant
351 664 447 709 meus
481 646 694 728 spiritualis3
732 646 768 708 in
799 664 840 709 eo
870 645 963 727 quod
994 646 1167 723 dominus,
1191 647 1301 709 debeo

192 713 316 752 mm
351 752 387 808 et
413 743 518 808 offero
545 726 644 808 vobis
668 744 865 807 consilium
882 763 1009 821 meum,
1035 763 1075 807 eo
1101 744 1193 826 quod
1224 764 1300 822 rex,

351 850 471 907 teneor
487 844 586 924 vobis
606 843 650 906 ad
677 842 905 907 reverentiam
928 850 964 906 et
985 844 1301 920 commonitionem,

352 942 511 1024 eoquod
541 941 645 1018 filius,
674 943 809 1006 ratione
834 940 936 1005 officii
962 941 1007 1004 ad
1034 942 1298 1024 castigationem

351 1047 387 1104 et
411 1040 696 1104 cohortationem.
750 1039 972 1122 Inunguntur
994 1059 1094 1121 reges
1115 1040 1300 1122 incapite,

351 1140 387 1202 in
407 1147 559 1221 pectore,
578 1139 615 1201 in
637 1138 799 1215 brachiis,
821 1139 912 1221 quod
940 1138 1115 1220 significat
1139 1139 1301 1220 gloriam,

352 1239 570 1302 sanctitatem
598 1245 633 1301 et
660 1237 917 1317 fortitudinem
950 1238 1102 1318 regibus,
1127 1239 1188 1320 qui
1213 1245 1301 1301 tem-

351 1336 492 1418 poribus
521 1337 672 1418 antiquis
685 1392 688 1396 .
703 1335 973 1418 justificationes
999 1336 1067 1399 Dei
1089 1355 1158 1399 non
1180 1338 1300 1400 obser·

351 1436 482 1498 vabant
507 1443 542 1499 et
570 1434 789 1517 praevaricati
815 1442 898 1498 sunt
927 1435 1090 1498 mandata
1121 1433 1210 1517 ejus,
1242 1435 1299 1498 his

352 1533 490 1598 sublata
511 1542 565 1598 est
590 1533 712 1615 gloria,
735 1534 903 1598 sanctitas
923 1540 958 1597 et
980 1532 1159 1610 fortitudo,
1179 1552 1298 1597 exem·

352 1633 411 1714 plo
438 1631 553 1696 Saulis
584 1640 619 1696 et
648 1631 855 1710 Salomonis,
887 1633 947 1714 qui
975 1652 1058 1696 vero
1075 1640 1165 1714 post
1191 1632 1299 1696 delic-

353 1738 426 1795 tum
454 1731 722 1796 humiliaverunt
748 1751 787 1795 se
815 1731 980 1807 Domino,
1006 1731 1060 1794 his
1088 1731 1156 1794 Dei
1182 1731 1299 1813 gratia

353 1831 511 1907 accessit,
536 1830 627 1894 sicut
653 1830 796 1907 Davidi,
825 1829 982 1893 Ezechiae
1008 1836 1043 1894 et
1074 1829 1151 1892 aliis
1177 1849 1297 1912 quam-

352 1929 520 2010 pluribus.
581 1928 725 2005 Audiat,
757 1930 787 1992 si
817 1929 966 2010 placeat,
1003 1929 1161 1992 dominus
1199 1948 1299 1991 meus

353 2029 534 2093 consilium
551 2029 643 2093 servi
659 2028 723 2104 sui,
744 2028 1044 2092 commonitionem
1060 2027 1213 2110 episcopi
1229 2028 1298 2104 sui,

353 2127 616 2209 castigationem
647 2127 757 2210 patris
788 2128 852 2204 sui,
888 2147 931 2191 ne
963 2146 1040 2189 cum
1070 2126 1300 2190 schismaticis

352 2226 478 2291 habeat
505 2227 548 2289 de
585 2235 711 2290 caetero
747 2226 900 2307 aliquam
939 2225 1207 2289 familiaritatem
1242 2226 1299 2289 vel

353 2326 638 2401 communionem,
661 2345 725 2388 nec
753 2324 936 2388 contrahat
962 2324 1093 2405 aliquid
1121 2344 1200 2388 cum
1224 2325 1297 2404 eis;

345 2409 587 2506 'memoresque
607 2424 690 2487 'sitis
717 2422 951 2506 professionis,
977 2442 1083 2504 quam
1109 2422 1241 2486 fecistis
1263 2430 1300 2487 et

354 2523 526 2604 posuistis.
559 2524 722 2604 scriptam
760 2517 864 2604 super
894 2521 1017 2597 altare,
1053 2521 1096 2585 de
1125 2522 1299 2586 servanda

354 2621 508 2684 ecclesiae
535 2621 603 2684 Dei
629 2621 789 2684 libertate
814 2620 953 2701 quando
979 2619 1016 2682 in
1042 2639 1159 2700 regem
1179 2639 1301 2684 conse-

354 2721 442 2783 crati
456 2719 582 2783 fuistis.
636 2719 826 2782 Ecclesiam
843 2719 947 2782 etiam
958 2717 1260 2796 Cantuariensem,
1278 2738 1301 2782 a

354 2837 424 2901 qua
447 2817 696 2900 promotionem
719 2818 913 2900 accepistis,
938 2817 975 2879 in
991 2836 1069 2880 eum
1092 2824 1222 2881 statum
1246 2838 1301 2882 re-

354 2918 507 2981 stituatis
524 2924 559 2980 et
574 2916 792 2998 dignitatem,
809 2917 846 2979 in
863 2916 989 2998 quibus
1004 2914 1070 2979 fuit
1086 2917 1301 2998 temporibus

353 3016 646 3097 praedecessorum
672 3000 867 3079 vestrorum
897 3021 933 3077 et
964 3021 1180 3094 nostrorum3
1213 3016 1302 3079 alios

353 3115 437 3196 quin
458 3135 521 3197 pro
538 3121 632 3178 certo
649 3113 780 3190 sciatis,
796 3112 888 3195 quod
911 3112 1060 3176 divinam
1079 3113 1300 3178 severitatem

353 3220 389 3276 et
404 3213 570 3277 ultionem
584 3212 764 3276 sentietis?

393 3387 480 3466 Quod
495 3385 598 3467 beatos
616 3385 745 3449 lanes
758 3383 906 3468 episcopis
919 3380 1086 3446 habebatur
1101 3391 1265 3466 suspectus.

194 3534 333 3594 rpeirsnops
406 3509 535 3572 Eodem
556 3527 647 3571 anno
669 3505 877 3587 suffraganei
900 3504 1162 3569 cantuariensis
1191 3505 1302 3569 eccle·

194 3584 416 3672 llllilthsiae
444 3608 609 3690 episcopi,
641 3625 718 3668 cum
748 3604 926 3668 audissent
955 3605 1095 3666 beatum
1119 3602 1303 3679 Thomam,

357 3705 643 3770 cantuariensem
676 3702 981 3785 archiepiscopum,
1013 3701 1301 3765 consuetudinum

356 3806 455 3886 regni
472 3803 611 3885 Angliae
632 3803 827 3884 iniquarum
854 3803 1094 3865 observatores
1120 3819 1161 3863 ac
1186 3799 1304 3863 defen-

308 3905 312 3913 '
356 3922 451 3968 sores
473 3900 838 3966 excommunicationis
860 3900 1033 3964 sententia
1053 3898 1251 3974 innodasse,
1267 3898 1303 3960 in

355 4023 425 4085 qua
448 4010 519 4066 tam
541 4002 635 4084 ipsos
652 3999 859 4081 generaliter
876 4017 980 4082 quam
995 3997 1169 4061 dominum
1186 4016 1302 4081 regem

354 4101 559 4178 involverat,
591 4105 782 4163 metuentes
811 4119 853 4162 ne
885 4116 1004 4162 omnes
1033 4096 1123 4172 illos,
1150 4113 1239 4176 quos
1265 4096 1302 4158 in
