2820 4882
418 391 556 438 rueres
583 391 852 440 nrsronrsnou.
1088 381 1109 442 7

157 557 248 614 tates
265 570 385 614 eorum
402 552 445 613 ab
467 551 518 613 eis
542 551 781 614 extorsissent.
833 550 934 615 Tunc
954 551 1001 615 ibi
1016 551 1108 616 inter
1120 573 1243 612 sumre.

157 650 226 713 duo
254 651 397 713 flumina
415 651 524 714 Usam
547 658 582 713 et
605 649 735 714 Trente
760 651 963 728 hiemantes,
989 672 1107 716 omnes

157 751 311 830 regionis
328 751 460 813 incolas
476 750 790 814 immisericorditer
805 751 1023 832 affligebant3
1047 752 1108 816 sed

157 849 367 925 Willelmus,
393 850 504 913 hieme
527 857 737 927 transcursa,
762 870 839 913 cum
869 853 1022 914 maxima
1053 871 1108 914 ar·

157 957 329 1013 matorum
358 951 458 1032 copia
486 951 743 1032 superveniens,
768 950 929 1013 fortiores
945 951 1107 1014 hostium

158 1049 308 1130 fugavit,
324 1060 359 1113 et
377 1051 525 1113 minores
551 1069 661 1131 usque
678 1050 721 1112 ad
737 1069 843 1112 unum
866 1051 901 1111 in
926 1069 984 1113 ore
1001 1050 1108 1130 gladii

159 1150 358 1212 trucidavit.
391 1149 628 1214 Veruntamen
644 1149 877 1224 Waltheofus,
893 1150 1017 1231 amplae
1029 1169 1109 1231 pro-

158 1251 268 1330 sapiae
293 1268 420 1325 comeS,
443 1250 479 1311 in
502 1249 621 1312 eadem
647 1268 765 1330 pugna
789 1250 906 1331 plures
934 1248 1108 1312 Norman-

160 1368 283 1411 norum
310 1349 404 1412 solus
429 1349 707 1424 detruncaverat,
730 1350 885 1430 singulos
900 1369 962 1431 per
975 1348 1109 1412 castelli

159 1455 280 1530 portas
298 1449 499 1530 decapitans
513 1449 729 1530 gradientes3
745 1449 805 1511 sed
822 1448 1016 1512 Willelmus
1033 1456 1110 1511 tan-

160 1548 238 1611 dem
263 1549 444 1611 victoriam
473 1549 619 1629 adeptus
645 1556 710 1624 est,
737 1548 944 1611 adversariis
972 1550 1109 1630 penitus

159 1648 367 1730 profugatis,
420 1649 519 1711 Tunc
538 1649 721 1729 Eadgarus
742 1648 916 1729 Etheling,
933 1649 976 1711 ad
994 1669 1110 1728 regem

159 1749 376 1812 Willelmum
397 1750 549 1824 veniens,
578 1769 698 1831 pacem
725 1750 830 1812 abeo
858 1755 893 1811 et
920 1750 1110 1812 misericor·

159 1849 254 1912 diam
268 1849 449 1931 postulans
465 1850 676 1931 impetravit,
693 1855 729 1911 et
746 1849 777 1910 ei
789 1849 990 1912 fidelitatem
1007 1849 1100 1912 fecit.

362 2025 411 2087 De
426 2024 568 2088 seruitute
582 2023 709 2088 ecclesiae
718 2024 911 2109 Aoplicccae.

213 2148 318 2213 Anno
345 2150 487 2213 Domini
515 2165 633 2211 mcxx.
659 2169 721 2211 rex
739 2148 947 2224 Willelmus,
963 2147 1113 2229 pessimo
1126 2169 1180 2208 nn.
1192 2168 1248 2207 1⁰7⁰.

161 2270 247 2313 usus
265 2250 420 2334 consilio,
443 2250 558 2313 omnia
575 2247 770 2329 Anglorum
795 2248 1005 2331 monasteria
1028 2267 1112 2311 auro
1125 2219 1256 2310 hibin.

161 2351 318 2432 spolians
329 2356 364 2412 et
373 2356 531 2430 argento,
544 2348 588 2411 ad
598 2349 763 2431 majorem
775 2349 850 2430 [sic]
863 2354 994 2411 sanctae
1006 2348 1112 2411 eccle-

163 2451 225 2513 siae
247 2450 467 2531 opprobrium
484 2449 649 2511 calicibus
665 2458 700 2510 et
716 2448 849 2512 feretris
864 2468 933 2511 non
948 2450 1112 2530 pepercit.

164 2550 398 2631 Episcopatus
418 2568 555 2631 quoque
576 2556 612 2611 et
634 2549 792 2610 abbatias
812 2568 942 2624 omnes,
959 2568 1037 2630 quae
1054 2551 1113 2611 ba·

164 2650 282 2712 ronias
316 2650 479 2712 tenebant
517 2659 552 2711 et
584 2655 728 2711 eatenus
764 2649 808 2710 ab
844 2649 938 2711 omni
973 2649 1113 2711 servitio

164 2748 314 2811 seculari
332 2749 526 2811 libertatem
545 2748 749 2823 habuerant,
766 2749 830 2810 sub
852 2748 1018 2811 servitute
1044 2755 1115 2811 sta-

164 2849 233 2912 tuit
255 2849 408 2924 militari,
431 2848 617 2911 irrotulans
652 2848 807 2927 singulos
836 2848 1056 2929 episcopatus
1079 2854 1114 2910 et

166 2949 326 3011 abbatias
352 2968 414 3029 pro
428 2949 609 3011 voluntate
632 2967 707 3024 sua,
734 2954 819 3030 quot
842 2947 968 3010 milites
991 2947 1056 3009 sibi
1079 2953 1115 3009 et

165 3049 421 3112 successoribus
446 3049 529 3124 suiS,
550 3047 751 3110 hostilitatis
775 3055 941 3129 tempore,
957 3047 1067 3111 voluit
1093 3066 1115 3108 a

165 3147 313 3228 singulis
336 3148 512 3223 exhiberi;
537 3153 571 3210 et
585 3147 716 3210 rotulos
744 3147 847 3230 hujus
872 3147 1114 3211 ecclesiasticae

166 3248 345 3310 servitutis
372 3266 503 3328 ponens
528 3248 564 3309 in
592 3246 775 3323 thesauris,
793 3246 922 3308 multos
940 3247 1032 3309 viros
1059 3264 1115 3306 ec·

159 3348 380 3410 clesiasticos
403 3347 482 3410 huic
505 3347 744 3410 constitutioni
763 3345 922 3429 pessimae
944 3345 1117 3407 reluctan-

168 3454 221 3510 tes
252 3467 273 3509 a
299 3466 406 3527 regno
431 3447 578 3527 fugauit.
631 3445 701 3509 Sub
729 3446 793 3508 hac
818 3451 1025 3526 tempestate
1046 3443 1116 3506 Sti-

168 3547 316 3628 ganduS,
342 3546 602 3610 Cantuariensis
627 3545 919 3626 archiepiscopus,
942 3551 977 3607 et
994 3538 1116 3607 ¹Alex·

169 3647 277 3710 ander
308 3645 571 3721 Lincolniensis,
605 3646 697 3709 facto
730 3645 773 3708 ad
809 3644 932 3708 Scotos
962 3643 1117 3724 diffugio,

168 3767 301 3810 moram
325 3747 368 3809 ad
397 3754 533 3828 tempus
551 3745 716 3808 ‘fecerunt
739 3745 885 3822 ibidem;
912 3744 1006 3807 solus
1028 3743 1119 3806 inter

169 3866 288 3910 omnes
308 3845 446 3928 Angliae
463 3845 628 3928 praelatos
646 3845 857 3925 Egelwinus,
874 3843 1118 3906 Dunelmensis

208 4056 215 4084 ¹
226 4052 392 4123 Alexandra]
411 4057 453 4105 He
473 4057 495 4105 is
513 4060 557 4103 not
567 4071 634 4104 men·
658 4056 723 4104 have
734 4056 798 4104 been
813 4055 965 4104 transferred
978 4060 1004 4104 to
1016 4052 1122 4102 Lincoln

170 4128 255 4177 tioned
266 4129 301 4189 by
313 4128 483 4188 Malmsbury,
493 4141 539 4174 nor
555 4127 578 4174 is
592 4127 634 4175 the
659 4127 723 4176 until
735 4125 799 4176 aiter
810 4126 860 4180 this
871 4126 939 4176 date.

172 4214 214 4248 see
236 4199 265 4247 of
284 4198 438 4247 Dorchester
460 4196 589 4257 supposed
609 4201 635 4249 to
