2820 4882
345 425 484 474 mouns
507 424 776 474 nrs‘ronmnnn.
991 414 1035 478 25

82 583 177 647 datio
201 584 320 648 multis
344 585 382 646 in
403 585 488 647 locis
514 585 669 666 periculo
686 584 752 649 fuit
769 593 804 649 et
825 586 962 664 damno,
985 585 1035 651 ita
1048 608 1169 649 nona

81 684 174 765 quod
200 704 303 766 rupes
332 684 449 748 multae
482 684 677 767 liquefactae
704 685 821 767 plures
851 658 1180 750 obruerent‹ii'iii‘itillon

82 803 146 847 sua
159 785 263 846 ruina
276 784 392 848 villas.
444 783 547 847 Circa
564 784 701 847 eosdem
725 785 798 848 dies
821 804 883 848 rex
900 785 1035 850 Willel-
1048 760 1121 808 ’Μ’

83 903 160 946 mus
187 883 256 946 duo
281 884 440 946 coenobia
466 883 636 960 fundavit,
661 903 767 946 unum
792 885 829 947 in
847 883 978 967 Anglia
998 887 1036 949 in

81 983 248 1046 honorem
272 983 386 1047 sancti
409 982 553 1046 Martini
575 983 667 1064 apud
687 983 911 1064 Hastingum,
928 979 1036 1067 lquod

82 1083 147 1146 ‘de
158 1081 274 1146 Bello’
288 1090 520 1164 nuncupatur,
534 1083 594 1145 ubi
606 1092 801 1147 consertum
811 1083 938 1165 legitur
946 1104 1035 1165 prae,-

82 1183 166 1244 lium
182 1183 276 1245 inter
292 1182 407 1264 ipsum
424 1189 459 1245 et
474 1182 692 1262 Haroldum3
715 1202 784 1265 quo
804 1183 841 1246 in
864 1183 940 1247 loco
962 1190 1035 1248 mo-

82 1281 202 1344 nachis
227 1281 408 1357 institutis,
429 1289 468 1344 ut
489 1301 553 1363 pro
576 1282 690 1345 anima
712 1284 804 1364 regis
826 1281 976 1347 Haroldi
999 1293 1035 1349 et

82 1382 228 1444 aliorum
243 1381 370 1445 ibidem
381 1381 572 1444 occisorum
586 1381 703 1444 divina
720 1383 934 1446 celebrarent
951 1404 1034 1448 con·

83 1482 209 1558 stituit,
236 1481 499 1562 coenobiumque
529 1480 612 1543 illud
648 1483 810 1562 congruis
843 1484 1033 1565 possessio·

81 1582 182 1644 nibus
197 1580 390 1662 ampliavit.
428 1579 534 1645 Aliud
549 1581 796 1644 monasterium
810 1583 844 1643 in
859 1582 1033 1647 Norman·

81 1681 137 1743 nia
153 1675 268 1763 ²apud
280 1679 469 1746 Cadomum
487 1682 693 1757 construxit,
711 1681 801 1762 quod
817 1682 854 1744 in
871 1682 1033 1746 honorem

81 1782 193 1843 sancti
207 1780 375 1861 Stephani
386 1780 672 1863 prothomartyris
689 1787 926 1844 consecratum
943 1802 1032 1864 prae·

82 1880 145 1943 diis
167 1881 373 1962 opportunis
396 1887 431 1944 et
451 1880 602 1943 donariis
625 1881 817 1961 magnificis
840 1881 1032 1963 insignivit.

83 1978 137 2043 Ex
155 1980 278 2062 regina
296 1978 446 2043 Matilda
459 1979 587 2043 liberos
605 1981 732 2043 multos
749 1982 940 2061 generavit,
958 1981 1031 2044 Ro·
1045 1999 1155 2043 wurma

81 2080 218 2143 bertum
236 2079 381 2155 scilicet,
398 2079 600 2156 Ricardum,
614 2080 839 2156 Willelmum,
856 2087 891 2143 et
905 2079 1034 2144 Henri-
1045 2051 1126 2101 ‘mm'

83 2198 179 2242 cum:
206 2198 354 2266 quorum
371 2180 633 2261 primogenitus
649 2179 763 2242 adhuc
777 2187 877 2260 patre
894 2180 1033 2245 vivente

84 2277 334 2343 Normanniam
363 2278 483 2360 negari
509 2279 653 2342 moleste
676 2278 802 2356 ferens,
827 2279 863 2342 in
891 2278 1032 2342 Italiam

85 2379 167 2441 abiit
181 2378 233 2441 ira
250 2397 449 2455 succensus
466 2384 505 2441 ut
520 2371 610 2440 ³filia
625 2378 803 2442 Bonesacii
825 2379 1033 2444 marchionis

84 2485 222 2560 sumpta
251 2477 491 2541 adversaretur
518 2478 623 2558 patri,
652 2479 808 2558 partibus
834 2479 904 2542 illis
933 2480 1033 2564 adju·

85 2585 163 2657 tus3
205 2576 278 2653 sed,
310 2576 375 2640 hac
403 2577 570 2658 petitione
607 2576 806 2655 frustratus,
832 2578 1032 2662 Philippum

86 2677 296 2740 Francorum
320 2696 434 2758 regem
449 2684 569 2740 contra
588 2685 721 2758 patrem
737 2698 837 2741 suum
854 2680 1033 2757 excitavit,

86 2796 189 2858 quare
209 2777 319 2858 ipsius
336 2777 573 2840 benedictione
590 2784 625 2839 et
645 2777 846 2842 haereditate
862 2788 1032 2857 cassatus,

87 2877 221 2939 amissis
237 2875 488 2958 primogenitis,
506 2875 637 2957 Anglia
653 2885 733 2958 post
756 2886 900 2942 mortem
923 2881 1033 2960 patris

85 2977 134 3038 sui
144 2976 272 3052 caruit,
283 2975 412 3038 ducatu
423 2976 649 3039 Normanniae
662 2977 723 3039 vix
736 2983 880 3042 retento.
907 2978 1032 3043 Ricar-

86 3075 145 3137 dus
164 3074 370 3155 magnificus
393 3082 428 3138 et
449 3077 551 3138 bonae
573 3075 700 3139 indolis
726 3075 938 3154 adolescens
962 3078 1031 3160 pri·

84 3193 202 3238 maevae
225 3174 343 3238 florem
360 3174 557 3257 juventutis
580 3177 704 3238 acerba
727 3195 820 3238 mors
843 3178 1031 3257 praevenit;

84 3274 226 3337 tradunt
250 3275 340 3336 enim
362 3275 487 3355 ipsum,
505 3273 541 3336 in
564 3272 668 3337 Nova
687 3274 816 3338 foresta
839 3295 959 3339 cervos
979 3276 1031 3339 in·

85 3380 297 3456 sequentem,
319 3373 475 3435 morbum
496 3371 658 3436 lethalem
680 3374 874 3450 incurrisse,
898 3375 933 3437 in
956 3376 1032 3439 loco

83 3472 242 3536 videlicet
265 3492 368 3554 quem
395 3492 457 3536 rex
483 3481 583 3554 pater
607 3473 695 3555 ejus
719 3472 903 3537 destructis
929 3475 1032 3553 villis,

83 3580 254 3654 utsupra
280 3571 411 3634 dictum
439 3580 504 3648 est,
537 3579 572 3635 et
600 3572 753 3635 ecclesiis
783 3574 970 3650 subversis
996 3577 1032 3637 in

83 3671 206 3736 silvam
239 3671 418 3753 redegerat
456 3672 694 3734 densissimam
728 3679 763 3734 et
796 3671 1031 3736 habitaculum

113 3887 209 3946 ¹de
226 3890 254 3937 de
272 3888 342 3936 Bello
359 3882 540 3954 nuncupatae]
568 3889 709 3950 abbeywas
716 3891 877 3940 consecrated
884 3906 916 3940 on
922 3892 1031 3942 thelrth

81 3958 164 4009 Battle
177 3960 260 4020 abbey
266 3973 321 4007 was
332 3963 376 4006 not
383 3957 544 4007 consecrated
568 3959 597 4007 of
604 3960 673 4008 June
692 3963 772 4020 106o3
790 3976 832 4009 see
847 3961 935 4011 Gallia
946 3963 1032 4013 Chris·

83 4032 143 4078 until
167 4029 232 4078 after
254 4029 388 4076 William's
410 4027 496 4088 death,
518 4028 543 4074 in
569 4029 648 4090 hana,
659 4034 718 4079 tom.
730 4031 766 4079 xi.
778 4047 804 4091 p.
816 4035 873 4080 431.

83 4102 153 4161 1094,
169 4099 245 4147 when
261 4099 374 4146 William
391 4097 474 4146 Rufus
490 4112 544 4146 was

84 4174 182 4228 present
192 4174 220 4217 at
230 4169 272 4217 the
283 4182 424 4227 ceremony.
605 4160 716 4226 ³Filz'o.]
735 4164 801 4213 Both
819 4165 895 4216 MSS.
907 4167 968 4215 read
985 4168 1034 4214 ‘fi-

114 4237 204 4303 'Apud
210 4237 363 4300 Cadmum]
375 4231 546 4297 sasephen's
570 4228 646 4283 liam!
