2820 4882
330 371 396 438 258
592 389 725 436 uocum
749 389 796 436 ou
819 388 1027 437 wnuoovua

102 554 104 556 ’
170 548 417 651 fienrggfiihesius,
442 547 520 629 pius
543 547 611 610 Dei
637 548 746 612 Filius
770 564 941 631 apparens
963 549 995 611 ei
1016 546 1119 610 duxit
1141 564 1220 608 eum
1243 544 1281 609 in

171 624 316 752 guiriffiot
334 647 447 712 locum
472 647 656 725 desertum,
683 655 718 712 et
749 649 899 712 ostendit
926 648 977 711 illi
1002 647 1202 729 speluncam
1226 664 1283 707 ro-

189 740 194 752 ’
274 740 279 751 ’
335 748 477 816 tundam
495 755 530 811 et
545 749 726 812 obscuram
743 749 961 826 intrinsecus
983 755 1018 812 et
1033 746 1136 823 dixit,
1151 751 1160 778 ‘
1174 743 1281 822 Quis-

335 848 413 929 quis
430 849 599 912 veraciter
615 849 789 930 poenitens
809 855 845 912 et
865 849 901 911 in
918 848 985 913 fide
1003 853 1166 911 constans
1189 844 1280 908 hanc

335 947 535 1031 speluncam
559 948 738 1028 ingressus
759 947 863 1013 fuerit
888 949 1003 1030 spatio
1022 946 1125 1010 nnius
1146 945 1216 1009 diei
1240 963 1282 1007 ac

336 1047 459 1124 noctis
487 1049 531 1110 ab
559 1049 719 1112 omnibus
744 1049 781 1111 in
813 1067 856 1112 ea
882 1047 1087 1130 purgabitur
1116 1045 1282 1130 peccatis,

336 1148 460 1229 quibus
486 1148 522 1211 in
550 1154 626 1211 tota
649 1148 722 1212 vita
745 1166 810 1211 sua
838 1148 951 1211 Deum
976 1146 1142 1224 offendit3
1176 1152 1285 1227 atque
1331 1143 1334 1146 ⁴

336 1266 413 1310 eam
439 1247 634 1329 ingrediens
660 1268 730 1311 non
760 1249 872 1311 solum
897 1253 1069 1312 tormenta
1101 1246 1284 1321 malorum,

337 1347 409 1424 sed,
427 1346 457 1409 si
480 1348 515 1410 in
532 1346 599 1410 Dei
620 1347 804 1412 dilectione
824 1354 1023 1411 constanter
1039 1364 1283 1428 perseverave-

337 1446 395 1523 rit,
417 1446 548 1510 videbit
570 1454 606 1511 et
630 1448 759 1528 gaudia
786 1448 990 1512 beatorum!
1038 1446 1106 1524 Sic,
1131 1446 1284 1509 Domino

337 1547 546 1628 disparente,
575 1555 716 1611 sanctus
742 1547 929 1624 Patricius,
956 1554 1028 1611 tam
1052 1566 1114 1629 pro
1141 1546 1285 1609 Domini

338 1647 555 1728 apparitione
567 1667 671 1729 quam
688 1667 750 1730 pro
764 1648 938 1730 speluncae
954 1646 1150 1712 ostensione
1167 1646 1284 1724 laetus,

338 1746 502 1827 sperabat
517 1747 679 1811 miserum
697 1747 877 1812 Hiberniae
891 1748 1058 1830 populum
1068 1766 1105 1811 se
1120 1745 1165 1809 ad
1180 1745 1283 1808 fidem

337 1845 543 1909 catholicam
561 1866 826 1927 conversurum3
853 1855 889 1911 et
911 1848 947 1910 in
968 1847 1046 1910 loco
1067 1847 1127 1910 illo
1147 1845 1285 1908 confes-

337 1945 402 2011 tim
429 1946 618 2010 0ratorium
651 1954 867 2024 construens,
896 1947 1109 2031 speluncam,
1138 1964 1217 2027 quae
1248 1946 1284 2008 in

338 2046 534 2111 coemeterio
550 2053 604 2110 est
620 2053 701 2110 ante
714 2046 862 2111 frontem
880 2047 1046 2120 ecclesiae,
1059 2045 1285 2110 circumdedit

338 2152 373 2209 et
393 2145 537 2228 januam
557 2165 635 2208 cum
657 2147 743 2211 seris
766 2148 942 2230 apposuit,
958 2166 1001 2210 ne
1020 2147 1098 2228 quis
1112 2165 1189 2209 eam
1209 2145 1284 2208 sine

338 2244 413 2328 ejus
430 2245 571 2310 licentia
593 2247 763 2312 introiret.
802 2247 998 2311 Canonicos
1013 2246 1190 2328 regulares
1206 2246 1284 2310 loco

339 2344 399 2408 illo
416 2345 620 2422 introduxit,
636 2353 672 2410 et
687 2348 793 2429 priori
809 2346 963 2411 ecclesiae
985 2347 1118 2410 clavem
1131 2345 1286 2409 custodi-

301 2455 303 2460 ·
339 2444 463 2507 endam
479 2445 649 2510 commisit
664 2453 833 2525 statuens,
845 2454 897 2525 ut,
908 2445 1105 2529 quicunque
1116 2452 1284 2528 purgato·

338 2542 425 2607 rium
449 2544 583 2626 ingredi
599 2547 760 2624 voluerit,
778 2548 823 2611 ab
840 2548 1003 2632 episcopo
1019 2547 1088 2610 loci
1106 2546 1284 2610 licentiam

338 2642 477 2721 habeat,
500 2652 535 2709 et
558 2665 636 2708 cum
661 2647 772 2713 literis
802 2647 954 2730 episcopi
979 2647 1124 2711 accedat
1147 2646 1191 2709 ad
1215 2647 1288 2728 pri-

338 2762 445 2820 orem,
475 2751 511 2808 et
542 2746 586 2808 ab
613 2766 654 2810 eo
681 2747 871 2812 instructus
896 2747 1133 2829 purgatorium
1165 2746 1286 2811 intret.

340 2842 446 2906 Multi
461 2852 574 2907 autem
594 2846 631 2909 in
644 2846 765 2910 diebus
779 2848 873 2917 beati
887 2846 1031 2910 Patricii
1046 2846 1285 2930 purgatorium

338 2942 567 3022 intraverunt,
585 2945 644 3026 qui
664 2947 793 3010 reversi
811 2947 930 3011 testati
953 2953 1035 3011 sunt
1055 2965 1093 3010 se
1111 2954 1286 3012 tormenta

338 3043 461 3124 gravia
475 3045 669 3126 pertulisse,
684 3052 719 3109 et
734 3047 864 3128 gaudia
876 3065 1003 3127 magna
1019 3045 1145 3111 ibidem
1162 3053 1199 3111 et
1211 3046 1286 3110 ine·

338 3144 525 3210 narrabilis
539 3146 773 3227 conspexisse.

362 3319 451 3398 Quod
463 3318 549 3384 miles
563 3320 687 3399 Hccncs
708 3320 745 3384 da
760 3296 886 3386 licentio
900 3320 1032 3406 episcopi
1046 3320 1105 3385 loci
1112 3300 1265 3406 purgato-

688 3421 773 3483 rium
789 3421 934 3484 intrarit.

390 3543 495 3609 Miles
520 3546 638 3626 itaque
657 3545 890 3630 supradictus,
912 3565 991 3609 cum
1009 3543 1210 3626 angustiosa
1232 3544 1288 3607 ni-

339 3644 404 3709 mis
429 3645 472 3708 ab
498 3645 660 3729 episcopo
684 3652 874 3709 memorato
893 3643 1068 3709 licentiam
1091 3643 1286 3726 postularet

338 3744 577 3826 purgatorium
603 3745 815 3829 experiendi,
837 3765 915 3808 cum
940 3744 1038 3807 illum
1064 3743 1287 3825 cognovisset

338 3844 520 3926 episcopus
537 3843 775 3924 inflexibilem,
793 3844 935 3909 tradidit
951 3845 983 3907 ei
1005 3844 1124 3909 literas
1141 3861 1224 3908 snas
1242 3844 1290 3908 ad

338 3944 487 4025 priorem
512 3942 592 4022 loci,
611 3946 778 4009 mandans
798 3952 838 4009 ut
859 3962 937 4010 cnm
963 3943 1024 4009 illo
1045 3950 1166 4026 ageret
1193 3943 1287 4008 sicut

338 4041 411 4112 fieri
431 4043 520 4107 solet
538 4064 616 4109 cum
638 4045 722 4124 illis,
742 4047 802 4128 qni
821 4044 1060 4129 purgatorium
1079 4043 1213 4126 ingredi
1230 4044 1287 4108 de-

337 4152 508 4223 poscunt3
534 4146 629 4226 prior
645 4153 773 4224 autem,
785 4146 869 4211 visis
885 4145 1007 4223 literis,
1020 4144 1164 4208 militem
1179 4144 1215 4207 in
1231 4163 1288 4208 ec-
