2820 4882
304 394 368 458 170
555 411 690 458 nouum
714 410 762 457 nn
785 410 993 459 wuunovnn

141 594 196 633 nn.
208 595 264 633 nn.
304 575 387 645 tem,
405 569 464 632 sed
486 588 568 652 pars
585 569 698 652 major
718 570 891 633 exercitus
908 588 946 632 se
966 568 1121 632 Roherto
1139 566 1257 630 subdi-

303 667 356 731 dit
384 668 549 732 venienti.
615 669 703 732 Cum
738 688 821 749 ergo
851 668 944 750 apud
976 666 1258 732 Portesmutham

305 775 387 831 ante
410 767 576 832 kalendas
596 766 751 850 Augusti
769 768 1005 850 applicuisset,
1024 774 1060 831 et
1077 786 1140 831 rex
1158 765 1259 830 teud-

304 874 377 931 eret
395 875 518 932 contra
532 887 610 931 eum
628 887 706 931 cum
727 868 880 932 exercitu
904 868 1060 950 copioso,
1081 866 1257 950 principes

304 967 477 1049 utrinque,
490 968 637 1031 fratrum
650 986 720 1030 non
733 968 882 1031 ferentes
893 966 1086 1043 dissidium,
1100 960 1259 1030 ¹concor-

305 1066 371 1130 diae
392 1066 507 1130 foedus
529 1068 620 1131 iuter
646 1086 707 1130 eos
725 1067 789 1130 tali
811 1074 914 1150 pacto
934 1072 1146 1143 statuerunt,
1165 1063 1259 1146 quod

305 1185 368 1229 rex
403 1166 559 1230 Roberto
589 1167 690 1229 annis
719 1166 866 1248 singulis
895 1167 963 1230 tria
987 1166 1098 1229 millia
1123 1181 1260 1228 marcas

305 1266 443 1346 argenti
473 1266 573 1329 daret
602 1267 646 1329 ab
669 1264 813 1347 Anglia,
839 1265 958 1347 etqui
985 1284 1104 1330 eorum
1128 1264 1260 1328 diutius

306 1365 440 1429 viveret
459 1364 571 1429 haeres
591 1374 683 1430 esset
701 1366 856 1442 alterius,
876 1365 906 1428 si
923 1366 1054 1447 absque
1069 1364 1140 1427 filio
1156 1361 1261 1426 mori-

306 1472 413 1528 retur.
466 1463 547 1528 Hoc
567 1472 684 1528 autem
704 1484 783 1528 cum
803 1485 865 1548 per
877 1464 1058 1528 duodecim
1077 1470 1260 1545 magnates

304 1563 462 1646 juratum
487 1572 580 1628 esset
607 1566 782 1646 utrinque,
804 1565 877 1629 dux
901 1563 1078 1628 Rohertus
1101 1561 1260 1646 perendi-

307 1664 407 1727 navit
420 1683 498 1727 cnm
517 1664 623 1728 fratre
638 1684 749 1747 usque
772 1665 816 1727 ad
831 1664 958 1728 festum
973 1664 1087 1726 sancti
1103 1662 1259 1726 Michae-

307 1762 363 1838 lis,
386 1771 422 1828 et
447 1771 570 1846 postea
594 1764 639 1827 ad
662 1765 804 1846 propria
825 1763 1074 1827 transfretavit.
1128 1762 1259 1825 Eodem

307 1881 399 1926 anno
433 1863 621 1939 Henricus,
651 1863 849 1927 Romanum
882 1863 1029 1946 adeptus
1062 1861 1260 1944 imperium,

306 1956 508 2044 imperavit²
533 1963 633 2026 annis
661 1963 807 2043 triginta
835 1962 996 2045 quinque.
1059 1961 1260 2044 Eodemque

307 2069 463 2143 tempore
490 2081 553 2126 rex
579 2062 756 2126 Henricus
780 2062 877 2127 dedit
900 2063 1141 2145 episcopatum
1167 2060 1260 2122 Her·

307 2161 500 2226 londensem
519 2162 702 2226 Reinelmo
724 2161 860 2226 cuidam
881 2163 957 2225 siue
971 2162 1139 2225 electione
1154 2159 1261 2236 facta,

308 2267 343 2324 et
360 2269 482 2325 contra
504 2263 585 2326 novi
608 2263 747 2326 decreta
763 2262 899 2327 concilii
922 2262 1035 2344 ipsum
1052 2261 1191 2343 publice
1208 2261 1261 2323 iu·

306 2362 460 2425 vestivit.

344 2508 535 2590 Deconcilio
549 2510 639 2594 apud
650 2509 831 2575 Londonioe
844 2507 947 2573 hodite
962 2519 991 2574 et
1004 2508 1227 2594 depredatione

600 2611 795 2694 quorundam
809 2607 963 2673 addetum.

146 2752 267 2791 norror.
358 2728 462 2794 Anno
474 2731 616 2795 Domini
628 2749 720 2796 lucu.
733 2752 796 2796 rex
805 2732 1000 2816 Anglorum
1012 2733 1188 2798 Henricus
1199 2735 1261 2798 ob·

145 2805 207 2851 siege
216 2802 239 2839 ol

147 2851 241 2890 reuera
308 2830 397 2894 sedit
411 2831 592 2895 castellum
609 2830 780 2917 Arundel,
798 2833 981 2915 quoderat
993 2832 1083 2917 juris
1095 2827 1261 2899 ³R0berti

144 2902 217 2941 cartle.

308 2930 351 2993 de
374 2929 536 2994 Bleasmo
564 2938 686 2994 contra
715 2952 833 3013 regem
854 2932 940 2995 illud
962 2933 1167 3013 retinentis;
1199 2933 1260 2998 sed

310 3049 387 3093 cum
400 3050 507 3112 grave
521 3039 613 3095 esset
624 3031 668 3094 ad
679 3031 961 3114 expugnandum,
973 3033 1154 3096 castellum
1167 3033 1261 3097 aliud

310 3130 462 3212 ligneum
485 3137 605 3194 contra
625 3131 711 3194 illud
734 3132 942 3209 construxit,
965 3139 1001 3194 et
1023 3132 1163 3195 iuterim
1184 3152 1261 3198 cas-

311 3229 431 3293 tellum
452 3229 495 3293 de
517 3230 654 3312 Bruges
676 3230 810 3295 obsedit
832 3238 867 3295 et
890 3231 995 3315 cepit,
1015 3231 1124 3294 donec
1150 3232 1261 3296 reddi·

312 3336 385 3393 tum
410 3337 485 3394 erat
507 3330 539 3392 ei
561 3329 741 3394 castellum
761 3330 929 3407 Arundel,
952 3337 1000 3408 et,
1022 3337 1125 3413 capto
1148 3333 1261 3395 muni·

310 3429 412 3514 cipio,
437 3449 500 3493 rex
519 3429 713 3494 Robertum
734 3430 777 3494 de
797 3430 959 3494 Bleasmo
985 3431 1028 3494 ab
1045 3429 1177 3512 Anglia
1200 3452 1262 3497 ex·

303 3527 449 3608 pulavit.
503 3529 634 3593 Eodem
660 3548 751 3594 anno
776 3527 976 3606 Auselmus,
1000 3529 1262 3595 cantuariensis

346 3683 353 3712 ¹
369 3687 608 3746 Concordiensoednr.
621 3681 632 3755 ]
644 3688 697 3737 The
715 3703 772 3736 con·
796 3703 882 3750 many,
896 3688 924 3735 iu
938 3692 1016 3749 1106;
1038 3689 1084 3737 but
1102 3689 1148 3736 did
1165 3694 1209 3738 not
1224 3703 1263 3738 re·

310 3756 405 3806 ditione
427 3771 470 3806 are
491 3751 622 3818 given‘by
645 3758 687 3807 the
711 3759 772 3808 Sax.
797 3759 867 3807 reive
890 3757 932 3807 the
951 3759 1066 3820 imperial
1091 3773 1177 3808 cmwn
1196 3760 1262 3808 until

310 3827 607 3877 Chromandhlorence.
798 3829 858 3877 13th
874 3827 903 3875 of
916 3828 991 3889 April
1006 3831 1079 3878 llll.
1115 3828 1168 3878 His
1184 3828 1261 3879 death

344 3894 575 3960 21mperaeitannn
586 3897 693 3959 triginta
701 3898 772 3963 quin·
798 3900 820 3947 is
831 3897 952 3946 recorded
959 3898 1042 3947 below
1049 3897 1145 3960 rightly
1152 3899 1178 3946 iu
1188 3903 1261 3950 1126.

309 3968 375 4030 que]
388 3967 442 4015 The
453 3981 567 4027 emperor
578 3967 667 4029 Hem'y
674 3969 707 4018 V.
718 3984 773 4016 was
832 3965 843 3996 ³
856 3966 957 4016 Roberti
968 3970 997 4015 de
1014 3968 1150 4031 Bleasmo]
1168 3970 1263 4018 Robert

309 4037 452 4085 associated
463 4036 527 4086 with
538 4036 578 4085 his
595 4037 677 4086 father
693 4039 719 4086 in
731 4038 772 4086 the
797 4038 829 4086 de
842 4037 968 4097 Belesme,
980 4039 1033 4086 earl
1044 4038 1074 4086 ol
1080 4038 1262 4101 Shrewsbury:

309 4107 414 4167 empire,
431 4106 457 4154 iu
477 4110 556 4167 10983
574 4107 725 4169 succeeded,
741 4123 773 4156 on
798 4107 884 4168 hythe
901 4107 980 4156 caetle
996 4108 1025 4156 of
1040 4109 1150 4170 Bruges,
1166 4109 1262 4172 Bridg-

309 4175 349 4224 hie
360 4171 463 4224 father’s
471 4177 558 4239 death,
566 4191 594 4225 as
604 4177 666 4240 king
674 4176 703 4226 of
709 4178 774 4229 Ger·
797 4177 870 4226 north
882 4178 905 4226 is
915 4177 1045 4227 intended.
