2820 4882
376 397 442 463 348
631 415 766 463 sooner
789 417 837 463 nn
861 415 1069 463 wnunovnn

216 592 338 682 fifss,}¹⁷⁰·
376 572 399 635 J
403 591 499 635 esum
521 572 666 636 credidit
681 571 923 651 Nazarenum
953 572 1078 636 deinde
1100 592 1186 654 puer
1208 572 1333 636 eodem

215 693 327 733 suunt
355 685 356 688 ’
376 672 478 736 modo
495 691 565 754 quo
580 680 723 736 venerat
740 674 777 736 in
794 691 833 736 os
849 672 950 736 rediit
967 672 1135 736 crucifixi.

379 868 471 947 Quod
487 879 585 936 mater
600 872 732 937 Domini
748 879 776 935 α
796 871 912 935 Morio
927 869 1123 957 Magdolenu
1142 869 1226 935 beato
1249 871 1334 935 dou

426 974 491 1036 rico
506 981 770 1056 apparamento
784 971 821 1034 de
831 971 962 1048 contiuo,
978 972 1060 1056 qnod
1071 992 1092 1035 α
1106 980 1206 1035 matre
1216 967 1334 1035 didicit

428 1072 616 1136 delecteris.

427 1197 552 1263 Altera
568 1198 655 1275 vice,
672 1217 750 1261 cum
765 1197 821 1262 vir
841 1204 984 1261 sanctus
1008 1203 1127 1262 coram
1145 1197 1250 1262 altari
1270 1200 1334 1262 be-

378 1307 446 1362 atae
469 1297 614 1380 virginis
637 1305 672 1361 et
696 1297 763 1361 Dei
786 1297 963 1379 genitricis
983 1305 1111 1376 oraret,
1131 1298 1220 1362 vidit
1243 1298 1333 1362 duas'

378 1398 524 1480 puellas,
536 1397 639 1480 >quasi
661 1404 765 1460 aetate
781 1404 931 1475 teneras,
948 1404 1081 1461 stantes
1097 1398 1141 1462 ad
1163 1398 1233 1462 duo
1254 1417 1332 1462 cor·

380 1517 449 1562 nua
477 1498 586 1580 ipsius
611 1496 733 1561 altaris
757 1498 872 1579 specie
897 1497 1157 1579 pulcherrimas
1182 1517 1331 1580 quarum

380 1605 493 1662 vestes
520 1603 620 1660 erant
644 1597 746 1660 niveo
770 1596 953 1679 splendore
977 1595 1172 1679 fulgentes3
1203 1599 1332 1681 quibus

380 1697 440 1761 diu
474 1697 620 1761 invicem
656 1716 693 1759 se
730 1697 1057 1779 contemplantibus
1092 1698 1202 1762 tacuit
1234 1697 1332 1762 God·'

380 1798 472 1862 ricus
498 1817 567 1861 non
594 1815 699 1860 ausus
725 1815 763 1860 se
790 1816 940 1874 movere,
965 1797 1025 1861 sed
1052 1797 1179 1880 saepius
1204 1798 1242 1861 in
1270 1817 1332 1862 eas

380 1898 499 1961 oculos
516 1898 742 1961 convertebat
763 1903 799 1959 et
816 1897 1024 1979 quandoque
1041 1917 1187 1961 cernuus
1205 1898 1332 1961 adora-

379 1998 450 2062 bat.
506 1997 605 2060 Tunc
638 1995 791 2077 virgines
822 1996 866 2059 ad
896 1995 1084 2060 Godricum
1114 1998 1332 2076 accedentes

378 2097 451 2174 illa,
469 2117 547 2180 quae
570 2117 591 2159 a
613 2096 746 2160 dextris
768 2103 844 2159 crat
866 2096 998 2174 altariS,
1021 2097 1118 2161 illum
1142 2098 1260 2161 taliter
1278 2106 1333 2162 est

380 2197 499 2274 affata,
508 2202 517 2230 ‘
526 2196 695 2279 Nunquid
709 2215 775 2273 me,
783 2195 945 2273 Godriee,
957 2197 1137 2278 cognoscis
1143 2196 1169 2260 l'
1196 2197 1244 2262 Et
1258 2197 1331 2276 illc,

380 2297 564 2376 ‘Domina,
576 2296 641 2360 hoc
656 2315 756 2359 nemo
771 2303 899 2378 potest,
909 2297 976 2360 nisi
988 2283 1045 2360 cui
1060 2305 1094 2361 te
1107 2297 1259 2361 volueris
1276 2318 1331 2362 re-

380 2397 495 2461 velare
509 2398 529 2476 ;’
553 2404 588 2461 et
606 2397 679 2474 illa,
691 2395 802 2460 ‘Vere
818 2396 950 2473 dixisti,
967 2398 1050 2479 quia
1071 2404 1183 2461 mater
1199 2396 1330 2462 Christi

380 2517 469 2574 sum,
492 2505 527 2561 et
550 2517 612 2579 per
634 2515 688 2559 me
714 2495 824 2577 ipsius
848 2495 996 2578 gratiam
1019 2497 1201 2561 obtinebis
1255 2498 1333 2562 Ista

380 2604 434 2660 est
460 2604 575 2660 autem
598 2596 834 2678 apostolorum
858 2596 1030 2678 apostola,
1049 2596 1164 2660 Maria
1181 2597 1332 2680 Magda-

379 2695 479 2759 lene.'
525 2697 571 2759 Et
589 2695 761 2760 Godricus
776 2695 922 2777 pedibus
945 2697 1012 2760 Dei
1030 2697 1206 2778 genitricis
1224 2698 1333 2762 advo-

379 2796 486 2873 lutus,
505 2796 602 2859 ‘Tibi
622 2816 685 2871 me,
705 2795 844 2858 domina
858 2795 959 2873 mea,’
976 2796 1101 2878 inquit,
1119 2798 1332 2876 ‘committ0,

379 2902 419 2958 ut
433 2916 487 2958 me
501 2904 668 2977 perpetuo
684 2895 857 2958 custodire
872 2895 1051 2977 digneris!
1080 2896 1180 2960 Tunc
1198 2905 1331 2962 utram-

380 3015 447 3078 que
468 3015 608 3059 manum
631 3015 734 3076 super
752 3001 859 3076 caput
881 2995 956 3078 ejus
976 2996 1157 3081 imposuit,
1170 3003 1205 3060 et
1223 3016 1332 3060 caesa-

380 3096 463 3158 riem
480 3095 738 3177 complanantes
756 3094 895 3157 domum
912 3095 1017 3158 odore
1031 3094 1196 3159 dulcifluo
1219 3097 1333 3179 reple-

380 3204 515 3260 verunt.
569 3194 655 3258 Post
672 3194 746 3257 haec
762 3200 876 3257 autem
896 3193 963 3257 Dei
986 3195 1138 3276 genitrix
1157 3197 1332 3260 cauticum

380 3295 552 3378 quoddam
583 3313 699 3358 coram
725 3294 785 3357 illo
816 3293 949 3356 musica
978 3295 1213 3359 modulatione
1244 3315 1334 3378 prae·

379 3396 488 3458 cinuit
505 3401 540 3458 et
559 3395 673 3476 ipsum
689 3400 832 3458 cantare
852 3392 1001 3470 edocuit,
1021 3394 1113 3476 quod
1134 3394 1334 3478 frequenter

379 3502 537 3576 repetens
556 3493 728 3558 Godricus
759 3493 932 3556 memoriae
950 3493 1093 3558 firmiter
1114 3496 1334 3560 commenda-

380 3595 442 3658 vit.
486 3595 551 3657 Est
566 3602 683 3658 autem
701 3593 873 3657 canticum
895 3592 981 3656 illud
998 3591 1148 3675 Anglico
1167 3595 1333 3661 idiomate

380 3695 609 3777 compositum
627 3693 699 3772 sic;

520 3876 636 3934 ‘Scinte
652 3876 754 3945 Maris,
770 3876 850 3933 clane
864 3877 985 3952 virgine,

541 3972 645 4030 Moder
658 3973 729 4032 Jesu
744 3972 843 4031 Christ
857 3972 1015 4041 Nenenene,

540 4069 628 4138 Onfo,
644 4069 723 4136 scild‚
738 4069 804 4146 help
818 4069 880 4127 thin
896 4068 1014 4136 Gorich‚

539 4165 587 4223 On
602 4167 679 4243 fang,
694 4167 778 4243 bring
792 4165 867 4224 heali
882 4166 955 4225 widh
969 4165 1018 4224 the
1033 4166 1062 4222 in
1078 4165 1176 4225 Godes
1191 4168 1268 4229 ric'h.
