2820 4882
410 407 551 455 uacans
574 408 844 459 nisroamnun.
1036 399 1102 464 325

151 569 245 631 tione
258 569 425 647 eeclesiae,
435 571 479 633 ah
490 591 532 635 eo
541 571 632 652 quod
642 570 789 648 solebat,
798 564 948 635 animum
961 577 1099 655 avertit,
1114 591 1167 630 A-D·
1180 593 1235 631 ¹¹⁶⁸·

153 674 187 730 et
204 669 280 750 Jam
295 669 331 731 in
345 670 475 747 multis,
491 672 581 734 sicut
603 672 639 732 in
655 671 946 751 appellationibus
963 683 1100 740 constat
1112 642 1222 730 llllllla

151 773 187 829 et
197 768 455 832 visitationibus
470 771 610 846 nostris,
622 771 905 833 communicando
920 773 1023 835 etiam
1036 793 1099 837 ex·
1111 741 1241 781 mmm

151 869 410 932 communicatis
425 870 627 932 nominatim
649 875 685 931 et
699 869 939 947 schismaticis,
961 880 997 935 et
1016 892 1098 936 con·

150 964 351 1030 foederando
377 987 418 1038 se,
437 969 499 1043 eiS,
526 968 618 1031 etin
643 987 685 1030 eo
704 969 821 1044 etiam,
841 968 933 1050 quod
954 990 1097 1042 venera-

150 1063 252 1126 bilem
274 1065 416 1129 fratrem
442 1074 598 1130 nostrum
615 1065 797 1142 Thomam,
812 1066 1097 1136 Cantuariensem

150 1162 457 1248 arehiepiscopum,
469 1164 512 1228 de
521 1185 627 1246 regno
637 1185 701 1228 suo
715 1166 811 1228 exire
824 1168 987 1248 coegerit,
997 1172 1098 1250 quasi

151 1264 309 1344 persequi
328 1272 364 1327 et
380 1264 582 1346 impugnare
601 1264 748 1341 videtur,
775 1272 810 1326 te
834 1285 902 1327 non
926 1268 1116 1332 credimus·

149 1360 320 1440 ignorare.
379 1363 601 1446 Quapropter
627 1363 892 1427 sollicitudinem
919 1372 1012 1428 tuam
1040 1388 1095 1432 ro·

149 1477 283 1539 gamus,
318 1481 497 1525 monemus
528 1470 633 1544 atque
664 1462 879 1540 mandamuS,
912 1473 1096 1546 quatenus,

150 1558 314 1640 adjuncto
336 1561 399 1624 tibi
419 1561 607 1625 venerabili
626 1560 733 1625 fratre
754 1568 874 1626 nostro
900 1557 963 1628 ¹R.
982 1563 1095 1630 Here-

149 1657 299 1721 sordensi
324 1661 497 1742 episcopo,
525 1660 672 1723 eundem
694 1680 809 1741 regem
836 1662 983 1727 sollicite
1004 1685 1094 1729 com·

148 1776 288 1820 moneas
306 1765 341 1822 et
356 1760 513 1823 studiosa
527 1759 769 1823 exhortatione
782 1761 937 1838 inducas,
960 1770 1010 1840 ut,
1032 1765 1096 1827 hu-

142 1856 332 1938 jus[modi]
352 1861 529 1942 proposito
549 1878 691 1942 prorsus
719 1859 852 1936 relicto,
873 1861 909 1922 in
936 1880 977 1926 eo
1002 1864 1095 1944 quod

146 1957 308 2033 excessit,
333 1958 423 2021 sicut
449 1958 591 2039 dignum
618 1965 683 2034 est,
705 1958 910 2033 satisfaciat,
933 1977 955 2022 a
976 1963 1094 2041 pravis

146 2056 280 2118 actibus
310 2057 449 2120 omnino
475 2058 633 2133 desistat,
651 2054 852 2120 Creatorem
881 2076 980 2119 suum
1005 2079 1093 2141 puro

145 2154 248 2217 corde
264 2154 399 2236 diligat,
414 2164 559 2220 matrem
580 2174 679 2218 suam
700 2155 893 2218 Romanam
914 2157 1094 2222 ecclesiam

146 2252 252 2316 solita
268 2256 489 2318 veneratione
506 2255 679 2337 respiciat,
695 2273 758 2316 nec
780 2246 856 2317 eam
873 2255 1016 2319 visitare
1031 2278 1092 2321 vo·

47 2343 54 2353 '
144 2351 256 2415 lentes
271 2352 437 2430 inhibeat,
454 2354 705 2435 appellationes
719 2353 761 2416 ad
779 2372 854 2416 eam
869 2355 980 2419 factas
995 2357 1090 2420 nullo

146 2451 248 2513 modo
262 2465 265 2469 ’
278 2451 455 2534 impediat,
480 2460 515 2516 et
537 2451 741 2534 praedictum
770 2451 912 2516 fratrem
937 2463 1093 2519 nostrum

145 2549 328 2627 Thomam,
347 2550 630 2615 Cantnariensem
653 2550 961 2634 archiepiscopum,
979 2556 1022 2619 ad
1039 2575 1092 2619 se·

143 2649 221 2711 dem
254 2669 353 2712 suam
387 2651 569 2732 benignius
599 2670 766 2714 revocans
797 2659 833 2715 et
861 2653 1027 2717 reducens
1056 2656 1093 2717 in

144 2749 238 2811 beati
264 2748 363 2813 Petri
385 2757 421 2813 et
444 2757 563 2813 nostra
584 2750 776 2814 reverentia
797 2750 916 2814 firmus
936 2754 1093 2817 immobi-

144 2847 256 2928 lisque
286 2849 467 2926 consistat,
499 2856 535 2912 et
564 2849 607 2911 ad
639 2868 745 2931 opera
779 2850 1021 2916 misericordiae
1051 2872 1093 2917 ac

144 2947 285 3027 pietatis
309 2947 478 3024 intendat,
505 2954 545 3010 ut
569 2947 647 3024 Ille,
674 2967 736 3029 per
764 2967 864 3030 quem
892 2969 990 3031 reges
1017 2971 1094 3032 reg-

145 3051 240 3121 nant,
258 3046 449 3128 temporale
469 3047 535 3109 sibi
561 3066 706 3127 regnum
726 3053 907 3109 conservet
932 3049 968 3110 in
993 3051 1093 3112 terris

144 3150 181 3206 et
199 3146 446 3227 sempiternum
466 3135 634 3226 largiatur
653 3146 689 3208 in
712 3145 817 3208 caelis.
870 3145 916 3208 Et
941 3147 1006 3209 nisi
1024 3148 1094 3210 ista

144 3244 313 3307 maturius
344 3245 545 3320 correxerit,
577 3244 763 3308 timendum
793 3243 859 3306 sibi
885 3244 962 3322 erit,
988 3265 1031 3307 ne
1059 3255 1094 3310 et

144 3341 242 3404 Dens
265 3343 297 3404 ei
318 3361 381 3423 pro
403 3343 470 3407 hiis
493 3343 651 3407 omnibus
674 3343 828 3424 graviter
854 3342 1036 3420 irascatur,
1059 3352 1094 3408 et

143 3441 180 3503 in
205 3459 283 3504 eum
312 3448 347 3506 et
370 3441 406 3504 in
433 3462 514 3506 suos
538 3442 661 3505 debeat
687 3442 829 3522 gravius
850 3442 1037 3519 vindicare,
1059 3454 1094 3507 et

179 3622 188 3654 ¹
201 3625 235 3674 R.
259 3625 433 3684 Herafordeari
460 3625 577 3688 episcopo.
595 3625 607 3686 ]
633 3625 688 3684 liot,
699 3624 740 3671 his
751 3637 893 3682 successor,
905 3637 960 3672 was
977 3628 1021 3672 not
1036 3640 1094 3673 con·

144 3695 240 3743 Robert
264 3694 296 3743 de
323 3695 413 3742 Melun
440 3709 468 3743 or
492 3694 607 3750 Maldon.
634 3692 749 3742 secrated
769 3693 834 3740 until
854 3695 927 3754 11⁷³,
945 3708 975 3741 as
994 3692 1056 3740 lrom
1078 3709 1095 3742 a

141 3765 184 3813 He
193 3778 248 3813 was
256 3762 418 3812 consecrated
426 3764 460 3824 by
468 3762 574 3824 Becket,
581 3767 609 3810 at
633 3763 707 3811 letter
725 3761 754 3809 ol
768 3760 866 3808 Becket
883 3764 909 3809 to
926 3761 978 3808 him
997 3757 1057 3827 (lib.
1076 3763 1093 3812 i.

143 3833 313 3894 Ganterbury,
328 3833 355 3881 in
373 3833 514 3881 December
533 3835 609 3889 1163,
633 3827 732 3893 apxl.)
739 3832 766 3878 in
775 3828 859 3878 which
865 3829 897 3878 he
908 3830 1030 3890 upbraids
1041 3830 1093 3878 him

142 3903 192 3951 and
202 3903 288 3951 issaid
300 3901 467 3950 tohavedied
478 3900 607 3949 inFebru-
633 3900 695 3948 with
711 3899 805 3960 having
821 3899 936 3946 deserted
954 3899 993 3948 his
1009 3915 1096 3961 cause,

141 3987 187 4032 ary
195 3975 271 4030 11673
283 3971 471 4031 Angl.Sacr.ii.
480 3973 542 4018 149:
561 3969 608 4017 but
632 3968 714 4017 whom
728 3968 760 4015 he
776 3967 826 4016 had
838 3967 945 4028 thought
956 3970 1030 4028 given
1043 3967 1094 4016 him

142 4041 197 4089 that
212 4040 263 4090 this
280 4041 303 4088 is
319 4039 361 4087 the
379 4041 473 4088 Robert
488 4039 605 4086 intended
632 4038 668 4098 by
689 4038 732 4085 the
752 4037 819 4084 Lord
837 4051 867 4083 as
889 4051 905 4084 a
925 4052 988 4098 prop
1005 4043 1031 4085 to
1052 4038 1095 4087 the

143 4124 252 4172 appears
275 4123 304 4158 as
324 4109 383 4157 well
403 4109 464 4157 from
485 4109 526 4156 the
546 4107 606 4169 lact,
632 4106 737 4168 chureh‚
757 4106 807 4154 and
827 4105 909 4152 whom
928 4106 960 4155 he
974 4106 1038 4156 calls
1057 4108 1096 4164 hia

141 4179 263 4230 recorded
280 4178 370 4241 below,
386 4179 442 4228 that
452 4179 546 4227 Robert
557 4178 606 4226 Fo-
632 4178 758 4226 first-horn
770 4189 823 4225 son.
