2820 4882
304 395 376 459 248-
564 407 698 454 nocam
723 406 769 452 na
793 403 1001 453 wuunovmt

309 641 396 722 Quod
411 640 475 705 dua
491 639 695 703 Normuum'ae
707 638 862 702 Henricus
872 636 1003 702 Aliaoor
1017 636 1108 701 duait
1124 658 1258 700 camno.

145 789 268 829 nomm.
357 765 461 829 Anno
481 764 621 828 Domini
644 777 743 828 Moci.
761 764 833 826 dux
855 763 1137 826 Normannorum
1158 761 1258 824 Hen-

145 837 285 928 iiffiissii
308 865 399 929 ricus
431 864 532 927 duxit
563 862 708 926 Alienor
743 862 916 945 quondam
949 863 1117 944 reginam,
1153 879 1261 942 quam

146 938 284 1028 fii'ffl‘ssi'-
309 965 516 1028 Lodowicus
541 982 602 1026 rex
630 982 720 1026 anno
746 963 922 1044 praeterito
944 969 1086 1044 propter
1111 978 1260 1024 consan-

149 1048 270 1087 ⁸⁶q¹¹⁶¹¹⁰⁹⁸'
309 1064 516 1146 guinitatcm
536 1062 724 1138 dimiserat,
744 1070 780 1125 et
796 1061 846 1125 sic
860 1061 973 1125 factus
990 1068 1043 1125 est
1061 1059 1133 1123 dux
1147 1059 1265 1139 Aqui-

310 1164 414 1228 taniae
437 1170 472 1226 et
500 1181 614 1226 comes
643 1160 824 1237 Pictaviae,
847 1161 907 1242 qui
931 1161 1026 1241 prius
1049 1159 1162 1223 fuerat
1185 1158 1259 1221 dux

312 1262 593 1326 Normannorum
626 1267 661 1324 et
694 1261 815 1324 consul
848 1259 1141 1340 Andagavorum3
1175 1251 1277 1340 'quo

312 1360 442 1438 audit0,
458 1380 521 1424 rex
538 1360 749 1423 Francorum
768 1356 973 1423 Lodowicus
995 1364 1187 1422 commotus
1207 1364 1263 1421 est

311 1460 531 1525 vehementer
561 1467 683 1522 contra
713 1458 834 1522 ducem
864 1458 1069 1535 Henricum,
1093 1477 1135 1520 eo
1166 1456 1261 1539 quod

313 1566 480 1642 genuerat
501 1557 588 1621 duas
614 1558 702 1621 filias
727 1578 771 1621 ex
796 1558 963 1639 praedicta
985 1557 1141 1632 Alienon,
1172 1575 1260 1638 qua-

311 1664 454 1741 propter
470 1658 582 1721 noluit
598 1664 638 1721 ut
660 1656 721 1720 illa
744 1660 788 1720 ab
810 1657 927 1738 aliquo
949 1656 1038 1718 filios
1058 1657 1263 1738 susciperet,

313 1778 375 1840 per
391 1777 478 1839 quos
495 1756 799 1820 exhaeredarentur
813 1755 893 1819 filiae
911 1764 1121 1820 memoratae.
1174 1754 1264 1819 Post

314 1857 438 1920 festum
454 1877 537 1920 vero
558 1857 670 1919 sancti
687 1855 710 1919 J
713 1855 871 1932 ohannis,
892 1874 969 1918 cum
991 1853 1064 1918 dux
1087 1854 1263 1918 Henricus

315 1962 407 2020 esset
429 1952 520 2037 apud
545 1954 813 2033 Barbefluvium,
837 1961 877 2018 ut
899 1955 942 2017 ad
960 1953 1124 2035 Angliam
1147 1960 1263 2017 trans-

314 2056 469 2131 fretaret,
492 2065 726 2119 convenerunt
749 2056 785 2120 in
813 2073 919 2118 unum
946 2074 1008 2117 rex
1036 2053 1262 2131 Francorum,

316 2153 525 2219 Eustachius
551 2154 642 2218 filius
662 2154 754 2235 regis
781 2154 961 2235 Stephani,
987 2172 1101 2217 comes
1129 2152 1264 2216 Rober-

315 2264 372 2318 tus
404 2253 624 2331 Perticensis,
655 2273 769 2316 comes
803 2253 977 2316 Henricus
1010 2251 1263 2334 Campanensis

316 2360 351 2417 et
374 2352 564 2417 Gaufn'dus
592 2353 699 2416 frater
720 2352 817 2416 ducis
841 2352 997 2430 Henrici,
1026 2371 1103 2415 cum
1129 2352 1261 2433 ingenti

317 2452 417 2533 copia
438 2459 661 2530 armatorum,
681 2458 721 2515 ut
732 2453 811 2516 duci
827 2452 982 2516 Henrico
1000 2445 1264 2530 Normanniam,

315 2550 556 2631 Andcgaviam
579 2570 656 2614 cum
680 2551 809 2615 ducatu
833 2550 1046 2634 Aquitaniae,
1072 2557 1108 2614 et
1127 2567 1264 2614 omnem

316 2657 443 2714 terram
465 2670 537 2713 suae
555 2650 798 2718 dominationis
827 2650 1012 2728 auferrent,
1035 2669 1139 2732 quam
1159 2651 1265 2714 etiam

317 2749 352 2812 hi
383 2749 535 2831 quinque
562 2748 627 2814 viri
661 2756 820 2832 potentes
856 2751 946 2813 inter
977 2769 1015 2813 se
1047 2768 1266 2831 praepropere

317 2848 520 2913 diviserunt.
582 2847 836 2913 Convenientes
874 2849 982 2931 igitur
1021 2867 1139 2912 omues
1171 2850 1265 2930 apud

318 2946 677 3033 Novumffmcrcatum,
698 2957 849 3012 castrum
871 2947 1048 3013 obsidione
1072 2948 1268 3024 cinxerunt,

317 3054 351 3109 et
373 3046 514 3110 fratrem
531 3047 628 3111 ducis
650 3047 856 3111 Gaufridum
876 3047 1045 3111 miseruut
1061 3066 1140 3110 cum
1160 3066 1267 3110 manu

319 3154 464 3222 armata,
493 3153 532 3209 ut
563 3154 684 3210 contra
715 3148 834 3238 ducem
862 3146 1102 3228 Andegaviam
1131 3164 1268 3229 expug-

319 3251 429 3309 naret.
493 3245 583 3308 Haec
607 3246 750 3309 audiens
777 3247 849 3309 dux
874 3246 1050 3310 Henricus
1073 3247 1217 3310 recessit
1247 3267 1268 3310 a

320 3343 556 3420 Barbefluvio,
584 3345 725 3408 obsesso
757 3346 900 3409 castello
932 3365 995 3427 pro
1027 3345 1157 3410 viribus
1187 3347 1272 3410 sub-

319 3450 498 3518 venturus
522 3443 594 3519 sed,
616 3452 801 3527 antequam
822 3445 894 3508 dux
913 3445 996 3508 illuc
1020 3445 1165 3522 veniret,
1192 3446 1272 3508 red-

320 3541 428 3604 ditum
450 3550 503 3607 est
519 3543 698 3606 castellum
718 3545 790 3624 regi
813 3544 1031 3608 Francorum·
1045 3544 1164 3608 fraude
1182 3545 1271 3608 illud

321 3640 591 3717 observantium,
614 3662 655 3706 ac
679 3643 711 3706 si
734 3651 825 3707 esset
850 3643 1019 3707 violenter
1048 3649 1271 3726 praereptum.

321 3738 421 3802 Tunc
438 3740 511 3803 dux
532 3740 707 3805 Henricus
727 3749 993 3806 castrametatus
1015 3750 1069 3807 est
1080 3743 1188 3827 juxta
1205 3744 1273 3807 flu·

320 3837 415 3901 vium
433 3836 605 3917 Andellae,
624 3849 658 3904 et
673 3848 807 3924 partem
826 3841 921 3905 illam
935 3842 1118 3906 Wilcasini
1134 3841 1273 3922 afflixit,

320 3956 399 4018 quae
416 3946 470 4001 est
484 3939 574 4004 inter
590 3939 705 4003 Iccam
722 3940 864 4004 flumina
877 3948 912 4006 et
929 3939 1127 4008 Andellam.
1180 3942 1273 4009 Haec

478 4151 484 4182 ¹
498 4156 552 4210 Quo
563 4155 668 4219 audita]
686 4155 779 4205 Chron.
792 4156 915 4206 Nonnan.
928 4171 953 4217 p.
965 4160 1023 4217 985,
1034 4153 1046 4221 §
1057 4171 1080 4206 c.
