2820 4882
419 428 560 478 rrnnss
582 429 851 481 ursmmnurr.
1064 418 1110 482 ιθ

158 585 616 666 missifuerautancstm,
632 597 757 675 captus
778 598 901 665 estet
922 590 1107 673 altergls·
1120 609 1242 708 sures.

157 685 218 749 dio
240 686 433 752 confossus.
495 687 676 772 Principes
706 699 823 752 autem
852 692 1025 766 nuntium,
1046 660 1269 773 quitum

157 785 261 849 vivus
275 793 400 869 captus
412 786 592 864 fuerat,1n
605 799 704 852 arcto
719 797 902 870 ponentes,
915 790 1108 854 didicerunt

157 886 204 948 ab
228 904 282 961 eo,
302 886 394 968 qnod
416 885 621 950 Soldanus
609 907 647 951 m
663 888 817 951 crastino
832 899 1000 952 venturus
1020 900 1108 967 erat,

157 991 200 1048 nt
217 985 432 1049 obsidionem
453 987 604 1051 solveret
626 995 663 1052 et
681 988 762 1052 illos
783 988 828 1050 de
848 989 995 1052 instanti
1017 990 1108 1070 peri-

157 1084 238 1148 culo
269 1085 442 1151 liberaret.
500 1085 721 1151 solimannus
751 1087 859 1167 igitur
889 1089 924 1150 iu
955 1089 1108 1151 crastirm

156 1185 252 1248 circa
264 1184 385 1250 horam
402 1187 553 1263 tertiam,
569 1195 609 1251 ut
629 1187 772 1250 nuntius
787 1185 1011 1269 praedixerat,
1030 1206 1109 1250 curn

156 1285 359 1367 quingentis
383 1295 593 1350 armatorum
617 1287 769 1350 millibus
800 1305 846 1349 ex
869 1287 1043 1351 montibus
1064 1287 1108 1350 ad

156 1384 266 1468 plana
281 1385 504 1463 descendeus,
518 1388 687 1469 praemisit
699 1387 816 1450 decem
830 1386 939 1448 millia
954 1388 1108 1469 equitum

158 1485 204 1547 ad
229 1493 366 1566 portum
395 1486 735 1568 meridianamque
765 1486 884 1549 comiti
908 1485 1108 1550 Tholosano

157 1585 344 1648 commissa
366 1585 492 1663 fuerat,
518 1593 559 1649 ut
582 1606 661 1649 cum
678 1587 811 1668 impetu
838 1585 949 1648 multo
971 1587 1008 1648 in
1031 1587 1108 1669 ejus

157 1684 297 1747 irruant
316 1684 494 1766 legionen
520 1687 683 1768 aquibus
705 1685 852 1767 accepti,
869 1692 905 1748 et
926 1685 1108 1748 conatibus

157 1783 364 1848 mirabiliter
391 1782 579 1848 confractis
602 1793 639 1849 et
660 1785 802 1847 aciebus
821 1783 1013 1860 dissolutis,
1031 1785 1107 1867 jam

157 1890 260 1947 erant
299 1883 337 1947 in
365 1883 486 1966 fugam
518 1885 623 1960 versi,
652 1903 732 1947 cum
763 1902 845 1947 ecce
875 1883 1108 1958 Solimanuus,

156 2001 238 2045 cum
252 1982 441 2066 majoribus
454 1984 699 2066 superveniens
720 1984 841 2065 copiis,
854 1982 945 2059 illos,
961 1983 1022 2064 qui
1037 1983 1108 2047 dis·

157 2083 266 2147 soluti
289 2091 400 2161 erant,
422 2083 548 2148 iterum
574 2083 742 2147 reducens
768 2084 806 2145 in
836 2089 976 2146 nostros
998 2081 1109 2145 redire

157 2182 347 2264 compellit.
399 2181 449 2247 At
470 2202 551 2247 vero
572 2182 646 2247 dux
663 2181 872 2246 Godefridus
893 2188 929 2244 et
951 2180 1110 2244 domiuus

158 2281 397 2360 Boamuudus,
418 2300 602 2364 comesque
619 2282 854 2356 flandrensis,
874 2300 953 2344 cum
969 2280 1042 2342 suis
1064 2280 1109 2344 ad

157 2390 311 2464 unguem
324 2383 462 2458 armati,
476 2381 634 2446 ridentes
647 2382 783 2445 comitis
797 2379 989 2444 exercitum
1004 2396 1111 2462 supra

158 2481 253 2547 vires
267 2481 420 2564 fatigari,
435 2481 574 2545 irruunt
587 2488 788 2546 constanter
803 2480 840 2543 in
856 2478 1008 2544 hostium
1023 2479 1110 2561 legi·

158 2599 256 2658 ones,
278 2589 326 2658 et,
347 2581 538 2646 interfectis
559 2600 606 2645 ex
628 2582 678 2645 eis
703 2581 748 2644 ad
772 2586 923 2663 quatuor
945 2578 1055 2642 millia
1076 2587 1112 2642 et

159 2680 336 2744 nonnullis
358 2680 556 2764 captivatis,
578 2681 615 2744 in
635 2680 755 2762 fugam
778 2698 838 2743 eos
860 2679 1112 2759 compulerunt.

160 2779 288 2845 Nostri
311 2800 449 2864 qnoque
471 2780 537 2844 hac
558 2781 670 2863 prima
692 2780 795 2862 potiti
814 2778 960 2843 victoria
982 2777 1112 2840 obsidia

159 2899 261 2944 onem
284 2881 500 2959 continuant,
516 2879 694 2963 dispositis
709 2880 746 2943 in
763 2896 887 2961 gyrum
906 2876 1112 2940 militaribus

158 2979 314 3045 catervis
329 2980 366 3044 in
385 2966 475 3044 hunc
491 2979 651 3059 modum3
674 2978 731 3044 Ad
753 2986 890 3061 portam
912 2975 1113 3039 orientalem

161 3079 252 3144 sedit
271 3078 345 3143 dux
366 3078 575 3144 Godesridus
599 3098 678 3142 cum
694 3078 829 3142 duobus
850 3074 1016 3139 fratribus
1041 3074 1113 3136 suis

158 3186 198 3242 et
223 3198 342 3243 eorum
370 3179 541 3257 catervis3
573 3177 617 3242 ad
647 3185 784 3260 portam
810 3172 1114 3258 septentrionalem

162 3278 324 3343 dominus
342 3278 565 3343 Boemundns
578 3296 657 3342 cum
675 3275 855 3341 Tancredo
871 3282 907 3338 et
922 3272 1000 3337 aliis
1021 3270 1115 3352 prin·-

164 3378 301 3460 cipib'us
327 3378 419 3457 suis3
453 3377 497 3441 ad
523 3383 659 3459 portam
681 3375 869 3440 australem
891 3391 1006 3436 comes
1030 3368 1115 3433 R'ai·

163 3477 315 3541 mundus
331 3485 368 3542 et
380 3478 563 3560 episcopus
581 3476 786 3555 Podisnsis3
810 3474 854 3538 ad
873 3469 1116 3555 portam'occi-

163 3577 339 3642 dentalem
353 3576 426 3641 dux
443 3575 725 3640 Normaunorum
743 3574 930 3647 Robertus',
946 3576 984 3633 et
1001 3574 1116 3633 comes

164 3675 402 3754 Flandrensis,
417 3695 495 3740 cum
511 3676 591 3739 suis·
602 3675 744 3739 annuatis
760 3695 770 3738 ι
797 3673 847 3736 sic
864 3690 947 3752 ergo
963 3687 1008 3732 ex
1024 3667 1117 3731 omni

162 3783 264 3861 parte
289 3776 371 3840 urbs
399 3775 530 3840 vallata
558 3781 623 3851 est,
650 3775 701 3837 ita
729 3773 866 3855 quidem
890 3768 982 3852 quod
1015 3772 1118 3830 antea

163 3897 234 3942 non
245 3876 501 3960 perlustratunt
514 3874 603 3938 radii
618 3874 750 3938 solares
768 3871 926 3935 militiam
942 3874 1013 3931 tam
1030 3884 1118 3948 proe-

164 3977 306 4040 claram.
351 3975 486 4039 Deinde
501 3974 672 4056 principes
689 3972 811 4048 nostri,
829 3969 872 4033 ad
890 3976 1055 4032 terrorem
1069 3965 1117 4028 ci·

164 4077 260 4140 vium
280 4075 504 4152 inclusorum,
522 4073 693 4156 capitibus
718 4071 908 4136 occisorum
931 4061 1119 4148 amputatis

164 4183 200 4241 et
212 4175 380 4240 machinis
395 4175 569 4252 immissis,
580 4173 616 4236 in
628 4173 747 4237 urbem
763 4169 983 4254 projecerunt
996 4185 1005 4244 3
1026 4161 1120 4226 millo

966 4298 981 4333 c
999 4288 1015 4333 2
