2820 4882
306 387 371 451 100
564 401 697 450 nocem
722 401 768 448 nn
787 399 993 449 wnunovnn

145 577 269 667 Apron.
308 561 567 644 quatuordecim
592 560 794 624 milliaribus
819 559 939 637 distat,
966 559 1010 623 ad
1033 558 1158 641 viginti
1178 570 1258 626 octo

144 629 296 722 diffie.
309 662 417 726 millia
435 662 651 727 bellatorum.
705 659 756 723 Hi
779 680 896 724 omnes
918 660 1114 723 habuerunt
1131 681 1259 744 propo-

309 762 414 826 situm
442 782 488 826 ex
513 761 700 844 improviso
727 761 764 824 in
786 760 986 844 peregrinos
1011 760 1152 839 irruere,
1175 762 1258 825 dum

308 862 401 927 circa
422 863 517 926 urbis
544 862 711 926 insultum
734 868 851 924 essent
875 861 1051 944 occupati;
1075 862 1136 926 sed
1162 863 1258 944 prin·

308 963 403 1044 cipes
431 963 552 1040 nostri,
582 981 669 1045 quos
693 981 811 1025 eorum
839 961 973 1025 insidiae
997 979 1067 1025 non
1088 961 1257 1041 latebant,

307 1062 441 1145 pedites
472 1082 591 1126 omnes
624 1062 666 1126 de
696 1062 850 1151 exercitu
878 1062 914 1124 in
945 1060 1125 1125 obsidione
1151 1062 1256 1126 relin-

307 1170 464 1245 quentes,
479 1163 538 1244 qui
547 1161 680 1245 equites
697 1168 796 1225 erant
810 1161 846 1225 in
864 1159 974 1243 primo
991 1162 1103 1225 noctis
1115 1182 1257 1246 crepus-

306 1263 397 1340 culo,
420 1264 524 1327 armis
545 1262 718 1338 instructi,
741 1261 815 1324 sine
839 1260 989 1324 tumultu
1011 1268 1047 1325 et
1067 1263 1168 1343 quasi
1191 1265 1256 1327 sub

305 1362 443 1427 silentio
458 1383 477 1426 e
493 1363 616 1426 castris
633 1362 775 1444 egressi,
792 1361 883 1425 inter
899 1360 1012 1425 lacum
1029 1363 1202 1444 quendam
1219 1372 1255 1428 et

303 1461 472 1527 Orontem
487 1462 641 1540 fluvium,
654 1463 713 1545 qui
723 1462 934 1544 quasiunius
944 1461 1099 1526 milliaris
1106 1464 1255 1546 [spatio]

306 1580 327 1625 a
344 1582 382 1626 se
404 1563 548 1640 distant,
570 1570 671 1627 nocte
690 1561 751 1625 illa
766 1562 993 1644 quieverunt3
1021 1581 1122 1626 mane
1138 1572 1255 1628 autem

304 1660 409 1741 facto,
430 1682 509 1726 cum
531 1662 752 1727 festinatione
775 1661 819 1724 ad
846 1681 943 1724 arma
967 1662 1194 1727 convolantes
1218 1665 1255 1726 in

304 1782 367 1826 sex
389 1763 528 1827 aciebus
550 1782 651 1828 suum
673 1762 862 1845 disponunt
884 1761 1086 1839 exercitum,
1107 1763 1254 1846 singulis

303 1882 419 1927 earum
438 1863 541 1927 certis
555 1863 700 1927 ducibus
715 1861 914 1942 assignatis.
965 1862 1071 1926 Turci
1083 1882 1167 1927 vero
1184 1884 1254 1928 non

302 1962 407 2046 longe
429 1964 621 2041 constituti,
649 1963 797 2027 scientes
824 1960 917 2044 quod
942 1962 1052 2027 nostri
1078 1963 1114 2027 in
1138 1964 1252 2028 vicino

302 2072 430 2143 essent,
452 2064 495 2128 de
519 2064 592 2127 suis
618 2062 727 2147 copiis
757 2061 845 2125 duas
874 2062 967 2126 acies
998 2063 1252 2146 praemiserunt,

302 2164 435 2248 reliqua
457 2165 560 2228 turba
581 2164 737 2228 cominus
760 2163 1012 2243 subsequente3
1042 2162 1172 2227 factum
1199 2174 1252 2230 est

302 2272 418 2329 autem
441 2271 481 2328 ut
503 2264 625 2340 nostri,
648 2261 708 2346 qui
722 2261 783 2325 vix
805 2262 1017 2344 septingenti
1039 2271 1149 2340 erant,
1172 2284 1250 2328 sus-

302 2372 404 2448 cepto
426 2364 468 2427 de
491 2364 648 2447 supernis
670 2363 893 2438 incremento,
916 2362 1051 2427 infinita
1073 2363 1181 2427 millia
1201 2365 1252 2429 vi-

301 2463 475 2529 derentur.
527 2462 798 2527 Procedentibus
814 2461 933 2544 itaque
950 2462 1118 2544 paulatim
1135 2463 1179 2527 ad
1197 2465 1251 2528 in·

302 2563 411 2629 vicem
442 2563 648 2646 legionibus,
671 2570 851 2644 coeperunt
872 2561 992 2645 primae
1016 2562 1107 2626 acies
1130 2582 1250 2629 eorum

300 2664 337 2728 in
351 2671 489 2729 nostros
506 2683 584 2727 cum
595 2681 722 2744 magno
737 2663 868 2746 impetu
881 2662 1023 2739 irruere,
1037 2670 1084 2740 et,
1095 2661 1251 2729 immissa

301 2765 508 2848 sagittarum
538 2764 718 2846 grandine,
746 2763 791 2827 ad
816 2781 898 2827 suos
922 2762 1101 2831 confidunt
1123 2764 1251 2829 habere

301 2884 476 2929 recursum
491 2884 500 2944 ;
531 2865 641 2928 nostri
659 2870 773 2927 autem
796 2862 951 2927 cominus
966 2863 1182 2943 accedentes
1199 2865 1252 2930 vi-

299 2965 408 3030 bratis
436 2983 531 3028 more
564 2963 667 3028 solito
693 2962 822 3026 lanceis
845 2969 880 3026 et
902 2962 1028 3044 gladiis
1049 2963 1250 3028 incumben-

299 3073 365 3144 tes,
393 3084 452 3129 eos
480 3083 598 3128 omnes
620 3062 656 3126 iu
686 3082 791 3126 unam
819 3064 954 3126 turbam
989 3062 1131 3128 solidari
1156 3084 1275 3133 com-.

298 3166 451 3248 pellunt;
483 3163 786 3248 comprimentibus
808 3182 945 3245 quoque
962 3161 1041 3226 illos
1061 3163 1141 3228 hinc
1157 3165 1250 3243 lacu,

297 3266 392 3330 illinc
405 3265 525 3343 fluvio,
541 3264 713 3347 evagandi
732 3262 906 3327 licentiam
926 3261 1139 3341 auferebant,
1157 3266 1249 3329 unde

297 3365 416 3444 Turci,
437 3364 711 3430 Christianorum
734 3362 823 3426 ferre
844 3381 914 3426 non
936 3362 1092 3428 valentes
1114 3364 1250 3429 instan-

297 3466 394 3543 tiam,
428 3466 465 3529 in
496 3465 571 3529 sola
603 3463 688 3546 fuga
723 3462 939 3527 constituunt
971 3481 1068 3545 spem
1099 3464 1247 3546 salutis3

297 3565 459 3630 dantibus
489 3584 573 3646 ergo
600 3563 708 3645 tergis
729 3561 936 3640 infidelibus,
958 3563 1068 3627 nostri
1090 3583 1150 3628 eos
1172 3585 1247 3631 cer·

296 3667 395 3730 tatim
418 3664 649 3748 insequuntur
672 3681 782 3746 usque
810 3663 854 3727 ad
884 3669 1036 3727 castrum
1066 3666 1247 3747 supradic-

294 3773 382 3843 tum,
404 3764 496 3848 quod
519 3783 541 3827 a
567 3764 644 3829 loco
669 3762 866 3828 certaminis
894 3762 1097 3827 milliaribus
1112 3809 1114 3813 ,
1127 3763 1246 3830 decem

294 3867 458 3931 distabat.
505 3862 673 3930 Videntes
699 3872 814 3928 autem
842 3862 1006 3946 oppidani
1029 3882 1170 3927 suorum
1193 3866 1248 3929 su-

293 3985 386 4048 gam,
402 3973 438 4030 et
452 3965 577 4049 gladiis
595 3983 655 4030 eos
668 3963 739 4028 fere
753 3983 872 4029 omnes
888 3961 1065 4041 cecidisse,
1078 3983 1246 4031 succenso

293 4065 417 4147 Hareg
431 4073 557 4144 castro,
580 4074 615 4130 et
637 4065 705 4148 ipsi
727 4065 846 4147 fugam
870 4071 1077 4146 capessunt3
1104 4072 1243 4131 atvero

294 4164 447 4232 Armenii
463 4173 497 4231 et
513 4167 573 4231 alii
588 4167 706 4232 fideles
728 4163 891 4246 regionis,
911 4165 1115 4248 praedictum
1139 4185 1244 4231 occu·
