2820 4882
301 401 366 466 178
556 415 690 463 nocam
715 416 762 463 nu
785 414 992 463 wanuovna

142 592 264 634 Λ.υ.ιιο4.
303 576 379 638 bem
395 572 689 648 Tiberiadensem,
710 571 803 653 apud
823 567 937 633 Assur
964 569 1008 632 ad
1030 588 1147 650 regem
1174 588 1253 631 cum

116 678 122 696 ⁶
303 673 477 758 equitibus
502 673 700 754 octoginta3
732 689 879 752 quorum
900 689 963 733 rex
980 669 1090 733 fretus
1109 668 1254 742 auxilio,

303 773 491 855 assumptis
523 791 640 835 secum
669 769 692 832 J
695 769 823 852 oppitis
855 789 932 832 cnm
964 768 1139 852 equitibus
1168 786 1254 830 non-

304 874 437 955 aginta,
453 871 489 934 in
503 890 600 953 spem
617 871 743 935 bonam
760 876 895 934 erectus
919 868 1072 932 decrevit
1098 868 1256 930 hostibus

267 1000 269 1004 ·
304 990 483 1037 occurrere
506 977 543 1034 et
568 970 713 1054 iujurias
740 969 789 1032 eis
819 968 1000 1032 refundere
1026 987 1104 1031 cum
1127 967 1254 1030 usuris.

306 1073 418 1135 Erant
446 1078 560 1138 autem
588 1089 697 1152 prope
721 1069 821 1152 quasi
848 1069 892 1131 ad
918 1068 986 1131 tria
1013 1067 1186 1143 milliaria,
1220 1073 1255 1129 et

307 1191 387 1236 ecce
405 1191 469 1235 rex
490 1189 567 1233 eum
594 1170 678 1244 suis,
696 1167 811 1232 infusa
832 1168 875 1231 de
896 1167 1055 1250 supernis
1072 1167 1202 1230 virtute
1220 1174 1256 1229 et

307 1271 425 1335 divina
453 1270 569 1351 gratia
592 1274 779 1351 praeeunte,
810 1269 847 1330 in
878 1267 996 1332 hostes
1023 1273 1183 1348 potenter
1208 1265 1256 1327 ir-

307 1389 411 1433 ruens
434 1388 551 1433 eorum
572 1369 713 1450 agmina
736 1367 907 1444 dissolvit,
931 1374 977 1444 et,
1001 1366 1192 1430 interfectis
1211 1385 1257 1428 cx

308 1471 358 1533 eis
383 1489 453 1532 non
479 1468 611 1551 paucis,
635 1474 779 1532 caeteros
806 1467 974 1549 compulit
1001 1465 1118 1548 sugam
1148 1465 1255 1543 inire3

308 1568 431 1632 deinde
452 1567 488 1630 iu
515 1573 630 1631 castra
655 1566 806 1631 hostium
833 1563 962 1630 reversi
981 1565 1118 1642 fideles,
1145 1565 1259 1646 spolia

309 1687 387 1732 cum
421 1666 541 1743 asinis,
576 1666 729 1742 camelis,
763 1666 995 1750 papilionibus
1022 1663 1059 1729 et
1089 1665 1258 1739 tentoriis,

310 1767 620 1847 alimentorumque
658 1766 767 1848 copiis
802 1764 1017 1846 colligentes,
1057 1765 1158 1847 quasi
1197 1783 1259 1847 per

310 1885 456 1929 menses
469 1873 601 1947 septem
620 1865 774 1929 imbelles
789 1872 912 1950 postea
929 1866 1146 1947 quieverunt.
1190 1865 1259 1928 Eo·

309 1965 387 2028 dem
417 1964 573 2047 tempore
606 1965 765 2028 dominus
802 1964 1003 2028 Taucredus
1035 1962 1256 2046 Appamiam‚

310 2064 529 2147 Coele-syriae
561 2064 790 2146 metropolim,
819 2064 954 2129 obsedit
982 2071 1017 2128 et
1048 2065 1149 2146 cepit,
1179 2063 1260 2127 inde

312 2164 518 2228 Laodiceam
536 2165 720 2240 transiens,
741 2164 837 2227 illam
859 2164 990 2247 recepit
1008 2164 1045 2227 in
1062 2183 1181 2242 suam3
1206 2163 1260 2226 his

310 2271 425 2328 autem
443 2264 586 2327 urbibus
605 2264 722 2345 ampla
741 2262 842 2326 nimis
865 2282 943 2327 cnm
965 2264 1100 2346 oppidis
1123 2271 1158 2327 et
1180 2264 1262 2326 sub-

313 2363 455 2426 urbanis
496 2363 616 2427 multis
656 2363 829 2427 territoria
859 2363 1075 2446 adjacebant.
1128 2362 1260 2427 Eodem

312 2463 417 2525 etiam
434 2469 589 2544 tempore
605 2462 843 2538 BoamuuduS,
854 2460 1150 2528 Antiochenorum
1166 2464 1258 2545 prin·

313 2579 406 2641 ceps,
428 2568 509 2643 post
534 2580 644 2624 annos
666 2569 816 2645 quatuor
840 2579 914 2626 suae
939 2562 1122 2645 captionis,
1147 2563 1261 2645 pretio

312 2661 563 2725 interveniente
587 2661 793 2744 redemptus
817 2660 1038 2726 Antiochiam
1065 2669 1121 2727 est
1142 2680 1261 2727 rever-

313 2778 385 2823 sus.

454 2931 542 3012 Quod
553 2932 662 3013 Acboo
679 2933 822 3012 redditur
838 2935 904 3019 rapi
922 2934 1115 3001 Baldewioo.

374 3049 517 3118 Eodem¹
551 3075 643 3126 auno
682 3075 746 3119 rex
785 3055 1006 3121 Hierusalem
1039 3060 1261 3125 Baldewinus

164 3182 254 3211 eroso
314 3153 585 3232 Ptolomaidam,
611 3154 788 3219 ‘civitatem
828 3157 1036 3224 maritimam
1073 3161 1261 3242 provinciae

172 3232 233 3261 ⁰⁰¹¹'
314 3252 504 3330 Phoenicis,
527 3254 704 3317 obsidione
726 3255 894 3336 vallavit;
925 3256 999 3322 haec
1023 3266 1140 3322 antem
1165 3261 1260 3338 urbs,

313 3354 451 3434 portum
465 3353 594 3417 hahens
608 3353 698 3416 infra
714 3356 844 3418 moenia
858 3364 894 3418 et
909 3364 1021 3442 extra,
1038 3359 1260 3441 tranquillam

313 3453 467 3534 praebere
484 3460 600 3534 potest
613 3453 760 3517 navibus
776 3456 973 3520 stationem.
1012 3456 1117 3521 Hanc
1132 3459 1260 3540 gemini

314 3550 438 3615 fratres
460 3551 624 3616 fundasse
645 3552 859 3618 Ptolomaeus
878 3562 915 3619 et
933 3554 1057 3621 Aehon
1079 3558 1260 3640 perhiben-

315 3657 383 3726 tur,
399 3670 504 3732 quam
524 3652 616 3715 inter
635 3671 673 3714 se
688 3652 892 3731 dividentes,
909 3662 945 3719 et
961 3657 1069 3719 muris
1083 3677 1160 3721 eam
1177 3659 1259 3722 soli·

315 3748 368 3811 dis
385 3769 447 3831 per
468 3770 594 3834 gyrum
610 3751 794 3824 vallantes,
812 3772 835 3816 a
851 3753 1046 3819 Ptolomaeo
1071 3756 1261 3822 Ptolomai-

315 3848 406 3926 dam,
422 3856 458 3913 et
473 3850 518 3912 ab
528 3848 672 3916 Achone
682 3849 818 3929 Achon,
832 3853 907 3917 sive
918 3852 1094 3934 Acheron,
1109 3859 1261 3921 vocabu»

313 3947 385 4011 lum
399 3948 608 4013 indiderunt.
647 3950 799 4015 Obsessa
818 3952 925 4034 igitur
943 3955 1085 4020 civitate
1106 3977 1168 4039 per
1191 3965 1260 4021 ter·

350 4125 357 4156 ¹
368 4131 460 4179 Eodem
470 4133 553 4195 cona]
571 4133 684 4182 William
695 4133 724 4183 ol
730 4134 797 4195 'Pyre
809 4136 895 4197 places
906 4135 949 4185 the
960 4137 1030 4200 siege
1046 4137 1076 4186 cf
1084 4140 1223 4193 Ptolemais
1234 4145 1260 4194 iu

313 4201 387 4260 11⁰3,
396 4199 405 4229 ‘
414 4200 482 4249 eirca
492 4203 559 4250 veris
570 4199 686 4264 initium,
697 4207 793 4264 pauo.
