2820 4882
367 410 507 459 rnouns
530 411 800 460 nrsronmnun.
988 395 1054 459 353

104 566 169 630 uisi
199 566 323 631 alienae
346 586 472 631 manus
502 569 634 633 auxilio
662 588 700 633 se
727 571 763 632 in
792 569 885 633 latus
912 566 1080 672 aliquod
1064 582 1119 672 Ano
1131 581 1187 622 ¹1⁷⁰·

103 667 327 729 declinabat·
318 686 429 748 ‚quo
463 668 583 749 utique
615 676 769 751 tempore
802 675 856 733 tot
888 633 1100 733 sustinuitsf‘
1095 633 1178 722 ὅοᾱῆ

103 766 348 846 aegritudinum
366 767 667 850 tentationumque
683 768 871 845 molestiae,
888 774 973 851 quot
989 787 1053 831 nec

100 865 222 946 lingua
243 873 387 947 possent
404 866 460 930 vel
481 867 615 931 calamo
637 867 890 949 comprehendi.
938 865 1054 931 Vene·
1103 945 1106 950 ι

102 971 185 1028 runt
204 964 250 1029 ad
272 983 350 1028 enm
373 964 442 1028 duo
464 965 651 1044 daemones,
673 966 865 1031 deserentes
894 966 1053 1030 lecticam

103 1072 138 1128 et
156 1064 323 1142 dicentes,
346 1063 454 1128 ‘Huc
471 1065 640 1142 venimus,
659 1073 699 1130 ut
721 1074 756 1129 te
778 1065 823 1129 ad
844 1064 973 1129 inferos
996 1064 1053 1128 de-

102 1170 292 1245 portemus,
314 1163 396 1246 quia
423 1182 531 1228 senex
555 1165 683 1229 delirus
706 1184 743 1227 es
771 1165 871 1228 etde
898 1165 1054 1246 sapiente

102 1261 216 1327 lactus
239 1263 405 1346 insipiens
419 1264 440 1342 3'
463 1263 522 1329 ille
547 1264 658 1328 crucis
680 1264 861 1345 signaculo
883 1283 921 1328 se
943 1264 1055 1329 muni-

102 1363 165 1440 vit,
183 1370 218 1428 et
235 1381 339 1427 orans
359 1362 518 1446 protinus
536 1363 709 1428 daemones
725 1362 903 1445 effugavit.

176 1560 329 1635 Quomodo
341 1535 487 1625 'eubolus
499 1569 638 1625 senonum
658 1561 825 1626 Godrieum
840 1562 875 1627 ia
890 1563 991 1648 eapite

330 1659 527 1746 perevaserit,
543 1669 572 1725 et
587 1659 625 1724 de
637 1669 731 1726 mora
747 1659 821 1746 ejas.

157 1784 288 1849 Postea
302 1804 395 1862 vero,
409 1803 487 1849 cum
504 1783 556 1848 vir
573 1783 640 1848 Dei
658 1785 733 1848 vice
749 1784 898 1866 quadam
915 1785 1055 1850 inlecto

105 1884 202 1948 sulus
223 1884 368 1968 jaceret,
381 1884 543 1960 ministri,
564 1885 624 1966 qui
642 1883 727 1947 loris
744 1891 855 1963 erant,
872 1904 992 1949 vocem
1013 1884 1055 1947 il-

105 1983 159 2047 los
174 1991 355 2048 vocantem
372 1983 568 2061 audierunt,
584 1989 620 2047 et
635 2002 818 2048 accurrens
833 2002 922 2048 unus
939 2003 1055 2047 eorum

107 2082 312 2148 festinanter
327 2083 462 2147 invenit
482 2102 560 2147 eum
577 2102 721 2165 corpore
738 2083 866 2147 nudum
882 2083 1056 2167 jacentem

107 2183 302 2247 inoratorii
321 2183 533 2265 pavimento,
550 2189 587 2247 et
605 2181 703 2245 illum
721 2181 758 2246 iu
780 2183 870 2248 lecto
887 2202 1057 2265 reponens

108 2283 271 2365 quaesivit
293 2284 337 2347 ab
359 2302 412 2361 eo,
439 2301 546 2364 quare
568 2282 619 2346 sic
638 2281 793 2366 jaceret3
819 2289 854 2347 et
874 2281 944 2360 ille,
970 2282 1058 2345 ‘Di-

109 2381 256 2459 abolus’
270 2382 396 2464 inquit,
417 2381 526 2445 ‘mihi
549 2382 696 2458 adstitit,
711 2389 747 2446 et
763 2381 884 2447 videus
902 2401 956 2445 me
977 2388 1058 2464 post

110 2483 262 2565 quietem
282 2482 394 2546 somni
409 2481 559 2563 tepidius
583 2488 754 2562 agentem,
774 2479 889 2545 subito
909 2481 951 2545 de
967 2482 1057 2546 lecto

109 2601 164 2645 me
186 2581 320 2664 pepulit
349 2581 574 2662 improvisum
599 2587 634 2644 et
655 2599 797 2645 scamno
818 2587 924 2662 caput
946 2600 1058 2644 meum

110 2681 248 2761 allisit3',
263 2687 299 2745 et
316 2679 502 2744 ostendens
520 2680 660 2761 gibbum
679 2681 845 2763 incapite
862 2679 937 2744 haec
953 2681 1060 2744 verba

110 2780 304 2863 subjunxit,
326 2785 337 2814 ‘
357 2779 416 2843 Ita
437 2779 552 2843 subito
571 2798 626 2842 me
645 2779 813 2860 praevenit
834 2777 1005 2857 inimicus,
1020 2788 1060 2843 ut

112 2881 214 2962 signo
228 2878 341 2944 crucis
356 2897 412 2942 me
429 2896 498 2941 non
515 2876 614 2960 potui
629 2879 846 2959 praemunire,
863 2886 898 2942 et
915 2879 977 2957 ait,
993 2880 1060 2956 En,

114 2978 265 3044 Godrice
285 2978 425 3055 rustice,
447 2978 491 3040 de
510 2996 579 3060 quo
605 2997 674 3040 non
692 2978 788 3041 valui
810 2977 977 3042 hactenus
999 2995 1061 3061 per

112 3099 207 3144 meos
224 3079 393 3144 satellites
406 3076 629 3158 triumphare,
643 3076 724 3139 dum
739 3076 819 3141 lecti
836 3076 954 3140 mollia
965 3096 1060 3159 quae·

113 3179 161 3242 ris
179 3186 215 3243 et
236 3178 329 3242 sicca
351 3197 373 3241 a
394 3197 449 3241 me
469 3175 571 3239 modo
593 3175 769 3240 occideris.
818 3175 959 3258 Cogitet
977 3195 1061 3258 ergo

114 3278 351 3362 unusquisque
373 3295 477 3359 quam
501 3275 732 3357 periculosum
756 3276 802 3341 sit
824 3275 964 3339 delicias
987 3295 1062 3340 cor-

115 3379 191 3463 pori
209 3376 372 3442 adhibere
392 3383 427 3439 et
444 3375 588 3438 mollitie
609 3374 785 3453 delectari,
802 3395 879 3440 cum
898 3395 967 3439 non
983 3394 1063 3458 pos·

115 3479 161 3542 sit
180 3477 278 3541 Deus
300 3478 336 3540 in
359 3476 485 3539 finibus
511 3475 666 3538 suaviter
681 3476 871 3540 viventium
893 3475 1064 3539 inveniri.’

116 3578 213 3642 Obiit
241 3585 357 3641 autem
381 3574 587 3640 venerabilis
616 3582 717 3656 pater
743 3575 914 3639 Godricus
936 3573 1064 3638 duode-

115 3678 204 3741 cimo
231 3674 399 3742 kalendas
426 3675 449 3738 J
452 3674 537 3752 unii,
562 3674 598 3737 in
611 3674 754 3740 octavis
782 3675 913 3739 scilicet
944 3674 1065 3737 Domi-

116 3777 203 3841 nicae
236 3775 460 3853 ascensionis
489 3774 589 3857 cujus
618 3774 692 3839 vita
721 3783 756 3839 et
785 3775 930 3839 virtutes
960 3793 1065 3855 supra

116 3877 272 3941 homines
307 3895 383 3941 esse
414 3882 449 3939 et
478 3874 705 3956 impossibilia
736 3875 849 3940 relatu
882 3872 1065 3951 videntur;

116 3977 275 4058 sepultus
301 3982 355 4039 est
381 3983 497 4040 autem
522 3973 558 4037 in
582 3973 734 4039 oratorio
760 3994 836 4050 suo,
858 3972 902 4036 ad
927 3973 1067 4054 plagam

118 4076 437 4158 septentrionalem,
463 4081 544 4139 ante
572 4074 701 4157 gradus
724 4073 845 4139 altaris
868 4071 980 4135 sancti
1003 4069 1026 4136 J
1029 4091 1068 4134 o·
1091 4156 1093 4160 ι

168 4192 247 4240 von.
264 4192 304 4240 11.
855 4171 919 4236 ΞΑ
