2820 4882
386 411 525 460 neonus
550 414 820 462 nrsroamauu.
1009 401 1073 464 211

127 569 244 633 avium
273 570 533 636 innumerabilis
565 574 764 651 multitudo,
795 594 873 656 quae
901 577 1071 657 gregatim
1085 589 1139 630 sc·
1152 592 1207 630 ¹1²⁹·

126 668 285 733 volantes
310 680 346 735 et
372 671 574 753 longissima
600 674 690 737 aeris
712 674 827 756 spatia
861 684 1072 757 occupantes

125 768 334 835 horribiliter
347 790 424 835 sese
439 772 679 854 deplumantes
694 776 909 855 pugnabant,
933 782 1073 856 porten-

125 867 245 932 dentes
261 860 408 935 fortasse
425 871 574 936 schisma
589 872 742 936 futurum
759 875 850 938 inter
866 875 954 938 duos
966 875 1072 957 paulo

123 974 204 1047 post
221 970 432 1051 apostolicos
448 971 490 1035 de
507 980 639 1054 papatu
653 973 913 1039 contendentes.

293 1143 343 1206 De
357 1143 515 1207 astisinate
529 1145 611 1208 ieter
625 1143 700 1208 duos
714 1146 904 1230 apostolicos.

174 1264 280 1331 Anno
293 1266 435 1332 Domini
448 1285 611 1346 mcxxx„
621 1269 783 1335 defuncto
792 1289 884 1353 papa
898 1270 1070 1348 Honorio,
1083 1299 1139 1340 nn
1150 1302 1206 1340 11³⁰.

128 1366 280 1430 Romani
306 1368 343 1430 in
371 1368 439 1432 duo
461 1368 563 1433 divisi
596 1368 683 1432 dnos
716 1370 905 1451 elegerunt,
930 1350 1222 1454 quidamd¹0l1¹1⁸0¹⁰¹³⁸t

126 1466 380 1544 Innocentium,
397 1468 508 1533 etalii
526 1466 752 1549 Anacletum3
773 1471 833 1533 sed
850 1464 1069 1549 ¹Anacletus,

124 1573 267 1648 propter
288 1567 413 1630 fratres
442 1587 537 1644 suos
561 1569 742 1650 quierant
768 1571 833 1634 viri
855 1578 1014 1652 potentes
1036 1581 1072 1636 et

124 1666 231 1730 castri
263 1665 517 1731 crescentionis
548 1667 723 1731 habebant
755 1670 998 1752 principatum,
1034 1673 1071 1735 in

127 1767 210 1829 urbe
233 1767 418 1846 remansit;
444 1767 668 1831 Innocentius
695 1788 778 1832 vero
804 1768 847 1832 ad
875 1768 1071 1852 Cisalpinos

75 1900 81 1904 -
128 1866 291 1930 transivit
322 1867 488 1950 expulsus
513 1885 536 1930 a
565 1867 746 1945 Romania,
774 1868 835 1954 qui
863 1870 1006 1933 veniens
1034 1871 1070 1932 in

126 1964 278 2030 Galliam
301 1966 392 2048 apud
409 1966 598 2032 Carnutum
617 1987 639 2031 a
655 1987 736 2050 rege
753 1966 948 2048 Anglorum
972 1967 1071 2032 Hen-

126 2065 199 2129 rioo
208 2065 395 2130 honorifica
407 2075 567 2150 receptus
581 2075 646 2144 est,
658 2074 783 2151 etpost
797 2065 934 2130 Pascha
946 2067 1071 2131 iterum

125 2165 257 2247 recepit
282 2185 409 2247 papam
438 2166 584 2230 eundem
615 2168 709 2250 apud
737 2167 1009 2248 Rothomagum,
1037 2176 1072 2233 et

126 2257 276 2329 auxili0²
294 2264 370 2348 ejus
390 2285 452 2347 por
467 2272 577 2330 totam
593 2266 745 2332 Galliam
769 2266 939 2331 admissus
962 2274 1016 2331 est
1038 2275 1073 2332 et

126 2382 219 2447 papa
245 2365 289 2427 ab
317 2365 475 2428 omnibus
498 2366 730 2447 acclamatus3
756 2374 792 2431 et
814 2367 876 2442 sic,
898 2385 980 2448 rege
998 2366 1072 2431 An-

125 2464 261 2543 glorum
275 2472 493 2547 procurante,
511 2464 746 2543 Lodowicum,
759 2467 901 2530 fratrem
918 2465 1071 2549 Philippi

129 2563 341 2628 Francorum
367 2565 459 2644 regis
486 2564 651 2641 defuncti,
680 2566 800 2629 Remis
828 2565 1006 2630 coronavit
1034 2567 1071 2629 in

127 2683 253 2744 regem.
297 2661 444 2740 Deinde,
460 2663 496 2725 in
513 2664 697 2728 nativitate
712 2666 824 2729 beatae
842 2664 978 2742 Mariae,
993 2665 1070 2729 red·

126 2763 215 2826 didit
232 2782 294 2826 rex
318 2762 423 2826 filiam
443 2781 541 2826 suam
565 2764 817 2846 imperatricem
836 2765 911 2829 viro
931 2784 995 2829 sno
1016 2783 1073 2829 co·

127 2863 203 2926 miti
218 2861 464 2944 Andagavensi
479 2861 662 2926 Gaufrido.

231 3036 281 3100 De
294 3043 388 3100 mette
401 3035 593 3113 Boemuudi,
602 3037 764 3121 principiis
778 3035 970 3103 Aatieelteui.

77 3181 78 3185 ¹
177 3160 309 3224 Eodem
354 3179 446 3224 anno
476 3153 667 3239 ³R0d0am,
700 3161 864 3244 Halapiae
899 3160 1072 3243 princepe,
1086 3184 1188 3224 neatnor

127 3260 214 3324 fines
234 3259 471 3325 Antiochenos
493 3259 666 3326 hostiliter
685 3262 873 3343 ingressus,
901 3259 1074 3323 Boamun-
1086 3234 1216 3274 ⁸⁰¹¹⁰¹²¹⁰¹¹⁶'

127 3360 209 3424 dum
236 3359 431 3425 Antiochiae
453 3353 642 3444 principem
671 3361 737 3424 sibi
762 3365 1010 3435 occurrentem,
1034 3365 1074 3421 ut

130 3461 244 3542 ipsum
275 3461 488 3543 reprimeret,
516 3459 552 3522 in
582 3459 705 3524 Cilicia
735 3460 852 3541 gladio
879 3458 1074 3522 confossum

127 3559 283 3642 peremit.
336 3559 417 3624 Rex
445 3558 667 3624 Hierusalem
693 3561 736 3623 ab
763 3557 989 3623 Antiochenis
1015 3577 1074 3620 vo·

128 3668 240 3738 catus,
258 3666 298 3724 ut
321 3666 429 3724 tantae
446 3658 643 3724 calamitati
664 3659 754 3722 ferat
776 3657 956 3734 auxihum,
979 3655 1075 3719 festi·

164 3844 170 3874 ¹
183 3847 324 3899 Ancaeus.
336 3849 348 3910 ]
372 3849 511 3897 Anaeletus
530 3846 590 3894 died
615 3845 701 3906 owing
712 3848 737 3892 to
748 3843 790 3891 the
801 3843 923 3891 influente
934 3841 963 3889 ol
976 3841 1003 3890 S.
1015 3841 1077 3888 Ber·

128 3934 160 3967 on
170 3918 213 3966 the
224 3918 284 3967 leth
300 3919 361 3967 Jan.
375 3921 448 3979 1138,
458 3917 532 3965 when
549 3916 591 3964 In·
615 3914 678 3964 nard
695 3913 774 3962 attha
789 3911 929 3960 couneilot‘
945 3912 1075 3972 Etampes,

127 3992 217 4037 nocent
227 3987 287 4036 held
303 3988 346 4036 the
363 4003 406 4036 see
418 3988 443 4035 in
461 3987 593 4046 undisput·
615 3985 670 4033 that
682 3983 803 4031 innocent
813 3995 868 4030 was
884 3981 1032 4042 recognised
1050 3981 1075 4027 in

50 4065 52 4068 ’
128 4059 161 4107 ed
176 4057 320 4118 possession
336 4058 402 4106 until
419 4057 459 4106 his
474 4056 549 4105 death
567 4057 592 4103 in
617 4056 721 4102 Franco.

129 4132 200 4178 uls.
651 4121 787 4180 ³Rodenm,
806 4119 920 4182 Halupioe
934 4119 1077 4182 princeps]

163 4195 174 4227 ²
186 4196 381 4258 deutherius]
399 4196 425 4244 lt
435 4210 489 4245 was
504 4194 595 4255 chiefly
619 4193 689 4241 Will.
700 4192 761 4252 Tyr.
773 4205 798 4250 p.
810 4194 867 4239 849.
923 4272 938 4306 P
955 4263 971 4308 2
