2820 4882
351 399 417 463 426
611 413 746 461 nocant
770 413 818 460 nu
842 411 1049 460 wannovnn

192 588 312 628 enam-
353 571 484 636 Eodem
507 590 611 648 anno,
637 577 774 635 mortuo
798 589 891 653 papa
915 569 1072 647 Urbano,
1095 562 1306 652 ¹Gregorins

353 671 532 748 successit,
543 671 614 754 qui,
628 690 707 735 cum
719 670 866 734 sedisset
879 668 1014 735 duobus
1027 669 1214 747 mensibus,
1227 663 1305 732 ²de-

352 771 491 836 functus
508 778 573 848 est,
587 778 623 835 et
638 765 816 835 ³Clcmens
833 770 956 834 tertius
972 769 1106 834 decimo
1123 770 1227 834 tertio
1240 769 1306 833 ka·

352 871 473 935 lendas
488 871 511 935 J
514 871 649 935 anuarii
670 877 885 952 surrogatur.
938 869 1069 934 Eodem
1095 888 1187 933 anno
1205 868 1304 934 Gile·

351 973 483 1049 bertus,
506 971 758 1036 Londoniensis
777 971 973 1053 episcopus,
994 976 1130 1034 naturae
1149 968 1304 1034 debitum

352 1071 469 1139 solvit.
510 1070 641 1135 Eodem
663 1088 756 1134 anno
783 1069 992 1147 Richardus,
1012 1089 1128 1134 comes
1151 1068 1306 1135 Pictavi·

352 1172 550 1249 cusiacum
572 1171 728 1235 audisset
748 1169 982 1234 calamitatem
1001 1177 1103 1234 terrae
1122 1177 1253 1234 sanctae
1270 1176 1307 1233 et
1340 1183 1343 1187 ’

353 1271 395 1335 de
422 1279 525 1354 capta
550 1290 663 1347 cruce,
685 1290 754 1334 non
780 1277 985 1352 exspectata
1010 1269 1157 1353 alicujus
1179 1268 1306 1351 praedi,

353 1372 489 1436 catione
504 1371 560 1437 vel
576 1371 686 1454 patris
705 1371 760 1435 sui
779 1370 923 1434 consilio
945 1376 1007 1434 aut
1022 1370 1215 1446 voluntate,
1233 1368 1304 1452 pri-

335 1480 338 1487 '
354 1490 429 1534 mus
446 1472 538 1537 inter
554 1489 714 1553 proceres
729 1469 978 1534 transmarinos
993 1468 1210 1552 signaculum
1228 1489 1307 1532 cru·

353 1570 403 1634 cis
419 1571 572 1654 suscepit
585 1571 628 1634 de
643 1589 747 1634 manu
768 1570 1016 1653 archiepiscopi
1032 1569 1258 1634 Turonensis.

459 1743 550 1818 Quod
561 1743 608 1808 cd
613 1745 870 1830 predicationem
883 1745 986 1809 crucis
999 1745 1092 1809 malti
1107 1765 1196 1809 ccccc

740 1845 915 1930 doccatur.

191 1983 247 2021 nn.
259 1983 315 2021 11⁸⁸-
404 1966 509 2033 Anno
527 1969 668 2033 Domini
685 1982 927 2032 mccxxxvur.
946 1967 1161 2045 Fredericus‚
1176 1967 1307 2032 Roma-

189 2033 342 2124 mm,
355 2086 478 2132 norum
495 2070 694 2152 imperator,
711 2069 754 2132 ad
773 2067 1054 2151 praedicationem
1071 2067 1229 2146 Henrici,
1244 2066 1305 2133 Al-

355 2169 518 2233 banensis
538 2169 691 2253 episcopi
709 2175 744 2233 et
766 2168 967 2251 apostolicae
988 2167 1080 2231 sedis
1101 2167 1222 2250 legati,
1247 2168 1307 2250 qui

355 2288 377 2332 a
399 2288 492 2352 papa
515 2269 693 2334 Clemente
717 2268 844 2331 missus
867 2267 994 2345 suerat,
1016 2287 1152 2331 crucem
1176 2267 1308 2332 Christi

356 2371 528 2452 suscepit;
551 2377 587 2434 et
603 2370 721 2434 codem
739 2375 894 2451 tempore
909 2386 974 2430 rex
991 2367 1204 2431 Francorum
1223 2367 1307 2431 Phi·

354 2468 470 2551 lippus
488 2477 524 2534 et
541 2489 603 2533 rex
619 2468 813 2551 Anglorum
836 2466 1011 2532 Henricus
1032 2468 1068 2530 in
1090 2466 1308 2532 Normannia

354 2588 418 2650 pro
435 2570 660 2634 subventione
676 2575 778 2633 terrae
795 2575 926 2632 sanctae
942 2559 1004 2631 *ad
1022 2568 1232 2650 colloquium
1247 2589 1307 2632 ve·

355 2667 488 2732 nientes
518 2669 609 2732 inter
637 2668 755 2732 Triam
784 2675 820 2732 et
847 2666 1052 2745 Gisortium,
1079 2675 1159 2750 post
1183 2667 1307 2750 longos

356 2773 539 2845 tractatus,
562 2775 733 2850 praesente
752 2768 878 2832 comite
901 2768 1107 2832 Flandrensi
1131 2767 1307 2852 Philippo,

355 2868 390 2930 in
419 2867 484 2932 hoo
511 2869 643 2951 pariter
668 2874 929 2945 consenserunt,
952 2874 1002 2944 ut,
1032 2874 1170 2950 sumpto
1195 2867 1307 2932 crucis

355 2968 548 3050 signaculo,
561 2970 628 3032 iter
640 2968 998 3051 Hierosolymitanum
1013 2967 1189 3032 socialiter
1202 2988 1308 3051 expe·

355 3068 480 3133 ditent.
512 3069 592 3133 Rex
606 3069 714 3151 igitur
726 3068 921 3150 Anglorum
935 3068 1047 3150 'primo
1062 3069 1175 3132 crucis
1187 3068 1307 3150 signa-

356 3169 470 3232 culum
487 3169 640 3251 suscepit
656 3169 699 3232 de
713 3169 872 3233 manibus
885 3167 1222 3251 archiepiscoporum
1235 3168 1308 3232 Re·

356 3268 483 3332 mensis
506 3275 541 3332 et
562 3268 730 3333 Willelmi
753 3268 932 3351 Tyrcnsis,
954 3287 1100 3349 quorum
1121 3267 1264 3332 ultimus
1286 3289 1308 3333 a

357 3368 496 3432 domino
513 3387 605 3452 papa
625 3389 729 3451 super
748 3368 889 3450 negotio
908 3368 1020 3431 crucis
1036 3366 1185 3431 officium
1208 3369 1305 3449 lega·

358 3469 461 3532 tionis
481 3475 681 3553 susceperat
696 3469 731 3532 in
750 3469 907 3551 partibus
926 3467 1127 3532 occidentis.
1174 3468 1309 3532 Deinde

391 3692 567 3766 ¹Gregcriaa,]
580 3698 622 3748 the
631 3698 732 3760 cighth;
743 3697 821 3746 elect
848 3709 933 3745 cesses
949 3695 979 3743 ol
995 3695 1101 3745 Snladiu
1110 3708 1119 3757 ;
1135 3695 1196 3747 Jac.
1213 3695 1245 3745 de
1263 3695 1311 3743 vi·

357 3769 390 3818 ed
408 3769 450 3819 the
472 3769 532 3817 toth
551 3769 672 3832 October,
693 3769 754 3818 died
778 3768 820 3817 the
847 3759 1085 3827 triaco‚p.1120.’

358 3840 416 3888 rtth
429 3839 580 3889 December.
881 3832 1012 3885 'Clemens
1021 3830 1132 3904 tertiae]
1146 3835 1189 3884 He
1201 3836 1261 3885 died
1268 3836 1310 3886 the

847 3905 907 3955 arth
919 3905 1010 3954 March
1024 3909 1096 3955 1191.
1406 3961 1407 3964 Ἴ

391 3972 546 4035 πΙὶςβιιποειιε
552 3976 611 4038 ert]
623 3975 674 4023 His
682 3974 758 4023 death
764 3988 819 4023 was
882 3973 940 4024 ⁴Aa
951 3976 1095 4039 colloquium
1104 3970 1250 4044 micam]
1268 3976 1312 4025 On

358 4045 413 4094 said
425 4051 451 4093 to
462 4045 527 4094 have
543 4047 608 4094 been
624 4045 772 4094 occasioned
784 4046 819 4106 by
846 4045 888 4094 the
908 4049 965 4095 ilat
983 4045 1120 4108 January;
1141 4045 1244 4108 Diceto,
1263 4048 1312 4096 col.

357 4131 373 4162 a
392 4115 470 4177 sever,
487 4116 596 4178 brought
615 4131 647 4165 on
666 4117 700 4176 hy
716 4116 817 4177 anxicty
846 4120 903 4166 636.
932 4116 1057 4178 Compare
1069 4117 1169 4167 Concil.
1185 4116 1227 4166 ed.
1241 4117 1311 4166 Har·

358 4185 408 4233 and
420 4185 494 4249 grief,
504 4201 536 4234 on
551 4192 659 4236 account
670 4185 699 4235 os
707 4186 749 4236 the
760 4200 819 4236 suc·
845 4186 917 4249 duin,
927 4190 987 4237 lom.
999 4188 1034 4238 vi.
1045 4188 1094 4239 col.
1107 4189 1179 4236 1899.
