2820 4882
255 446 257 451 ,
305 383 349 446 98
562 399 696 447 uocatu
721 400 767 446 nn
791 399 998 448 wnuoovnu

146 569 269 660 ¹1¹1·-⁰,·,¹⁰⁹⁷,·
308 555 435 620 vulnus
452 554 522 620 fere
537 554 722 632 letiferum,
738 557 781 620 ab
795 575 877 619 urso
893 555 1043 638 quodam
1060 554 1126 620 sibi
1150 555 1263 620 inflic-

144 631 297 712 u¹e⁸crlllces
310 664 395 721 tum.
407 676 412 689 ··
432 657 526 720 Dum
543 656 591 719 ibi
606 657 828 732 constitutus,
846 657 891 720 ob
909 657 1058 737 gratiam
1075 657 1261 721 recreatio·

310 757 364 820 nis
392 757 515 821 silvam
536 757 710 838 quandam
736 757 925 838 ingressus,
951 776 1139 840 pauperem
1162 777 1263 839 pere·

311 859 447 939 grinum
462 857 595 921 invenit
608 857 705 938 ligna
719 857 817 921 arida
833 864 1107 940 comportantem
1120 877 1130 935 ;
1158 877 1262 940 quem

312 977 413 1022 ursus
430 957 552 1039 ingens
568 963 603 1020 et
619 957 781 1021 horrendi
796 958 950 1039 corporis
966 957 1157 1038 fugientem
1172 958 1264 1022 inse-

312 1077 421 1141 quens
442 1065 481 1122 ut
502 1058 698 1133 devoraret,
718 1057 909 1140 periculum
930 1057 1113 1123 imminens
1130 1077 1265 1141 pauper

312 1158 462 1222 clamore
488 1164 658 1236 testatur;
691 1157 764 1221 dux
787 1177 881 1236 vero,
903 1177 1089 1241 pauperem
1108 1157 1262 1222 claman-

313 1266 383 1323 tem
400 1257 616 1340 conspiciens
638 1264 673 1321 et
692 1257 814 1339 rapido
831 1277 932 1321 cursu
952 1257 1153 1340 fugientem,
1170 1277 1264 1322 com·

313 1359 446 1441 patitur
478 1358 662 1441 peregrino
687 1359 762 1440 jam
792 1376 814 1420 a
846 1357 961 1422 bellua
987 1358 1200 1435 devorando,
1229 1365 1265 1422 et

313 1457 478 1522 velociter
507 1457 620 1533 irruit,
650 1456 774 1521 educto
807 1456 937 1538 gladio,
964 1465 1004 1522 ut
1028 1477 1128 1540 opem
1157 1458 1265 1522 ferret

314 1558 478 1641 patienti:
503 1558 624 1620 videus
639 1577 722 1640 ergo
738 1576 840 1621 ursus
856 1557 977 1621 ducem
996 1557 1113 1639 gladio
1130 1558 1266 1622 instan-

315 1665 396 1735 tem,
410 1663 528 1740 spreto
541 1658 735 1739 peregrino,
750 1676 851 1739 quem
868 1659 964 1739 prius
980 1659 1265 1740 persequebatur,

314 1758 473 1822 dentibus
489 1765 643 1822 armatus
665 1764 701 1821 et
718 1758 891 1839 unguibus
910 1758 946 1822 in
966 1758 1100 1822 hostem
1122 1777 1160 1822 se
1182 1777 1265 1823 con-

315 1859 395 1923 tulit
420 1857 608 1922 fortiorem.
659 1857 814 1923 Tandem
845 1856 930 1935 dux,
962 1877 1052 1940 equo
1079 1858 1266 1922 crudeliter

315 1959 510 2034 vulnerato,
525 1957 630 2040 pedes
648 1957 790 2021 effectus
806 1957 923 2038 gladio
939 1978 1012 2022 rem
1026 1958 1176 2039 agebat.;
1206 1978 1266 2022 ur·

316 2079 375 2123 sus
398 2065 514 2122 autem
535 2057 657 2139 patulo
682 2058 751 2120 oris
776 2057 865 2120 rictu
890 2064 925 2121 et
950 2077 1123 2122 murmure
1145 2076 1267 2122 occur-

315 2178 394 2223 rens
424 2157 575 2233 horrido,
603 2156 701 2220 ducis
738 2157 968 2228 constantiam
1000 2157 1267 2240 parvipendens

317 2264 515 2340 contempto
544 2256 674 2338 gladio,
701 2256 823 2320 nititur
858 2275 895 2319 se
929 2257 1083 2321 cominus
1111 2258 1268 2338 ingerere

316 2357 535 2440 repugnanti.
589 2356 700 2420 Porro
716 2356 802 2431 dux,
824 2357 1012 2420 irruentem
1027 2375 1049 2420 a
1065 2377 1103 2420 se
1118 2356 1269 2421 belluam

316 2457 509 2540 propellere
531 2455 649 2536 gladio
674 2456 758 2519 totis
783 2455 913 2519 nisibus
936 2456 1083 2533 instans
1106 2476 1270 2522 mucrone
1294 2447 1296 2452 ’

317 2576 392 2622 eam
414 2554 593 2638 perfodere
615 2555 815 2634 laborabat3
842 2575 962 2619 verum
990 2575 1092 2620 ursus
1114 2555 1269 2637 gladium

317 2656 506 2733 declinans,
522 2662 558 2718 et
575 2655 696 2719 ducem
713 2655 863 2719 brachiis
886 2654 1083 2738 amplexum
1100 2657 1271 2721 constrin-

318 2776 416 2838 genS,
433 2757 469 2819 in
487 2755 598 2818 solum
619 2755 766 2838 dejicere
788 2762 947 2832 conatur,
969 2762 1009 2819 ut
1031 2757 1095 2820 sub
1118 2775 1155 2819 se
1177 2757 1270 2838 posi-

319 2864 392 2921 tum
422 2856 524 2919 dente
553 2861 672 2937 posset
694 2854 828 2918 facilius
853 2862 889 2919 et
916 2855 1090 2936 unguibus
1115 2856 1268 2945 laniare;

318 2975 439 3020 verum
461 2955 559 3018 miles
583 2961 744 3018 strenuus
766 2962 802 3019 et
817 2955 854 3019 in
870 2953 975 3018 armis
992 2956 1164 3038 egregiae,
1180 2956 1272 3024 laeua

318 3055 467 3120 belluam
507 3054 720 3137 complexae,
751 3055 875 3118 dextra
904 3055 1066 3136 impingit
1095 3056 1205 3120 aciem
1237 3065 1274 3121 et

319 3156 445 3238 capulo
468 3162 569 3218 tenus
591 3154 752 3218 immerso
774 3153 890 3235 gladio
908 3161 1052 3218 mortem
1069 3153 1197 3237 ingerit
1218 3175 1273 3220 re·

319 3255 477 3319 luctanti.
523 3253 669 3317 Saucius
691 3260 808 3317 tamen
830 3253 903 3316 dux
925 3260 961 3317 et
986 3273 1108 3318 cruore
1134 3266 1271 3338 'resper-

320 3375 392 3432 sus,
408 3353 696 3437 periculosissime
711 3373 849 3435 quoque
864 3352 1078 3432 vulneratus
1093 3362 1273 3420 cruentam

321 3454 423 3519 nimis
445 3453 625 3518 victoriam
649 3454 863 3536 reportavit,
887 3453 978 3517 unde
1000 3454 1107 3518 nimia
1128 3456 1271 3538 sangui·

321 3556 375 3619 nis
403 3553 570 3638 effusione
600 3553 799 3618 debilitatus
831 3554 876 3618 ad
906 3552 1041 3621 sodales
1066 3573 1135 3619 non
1157 3555 1274 3637 potuit

321 3673 484 3741 remeare.
536 3652 691 3717 Tandem
715 3674 810 3731 vero,
832 3653 999 3738 praedicto
1021 3673 1185 3736 paupere,
1212 3656 1274 3738 qui

321 3755 398 3842 ejus
420 3753 585 3818 beneficio
610 3760 755 3819 mortem
780 3761 950 3832 evaserat,
973 3753 1210 3836 proclamante
1237 3763 1274 3825 et

322 3875 440 3919 casum
475 3853 660 3930 indicante,
695 3855 881 3917 accurrunt
912 3853 1065 3934 legiones
1088 3856 1273 3935 universae,

270 4032 273 4040 .
322 3963 357 4019 et
390 3954 515 4019 lectica
547 3953 746 4036 impositum
780 3973 857 4017 oum
888 3953 1020 4036 gemitu
1055 3955 1207 4018 omnium
1239 3962 1276 4020 et

322 4053 514 4137 lachrymis
522 4053 721 4118 detulerunt
733 4053 778 4116 ad
788 4061 915 4131 castra,
928 4061 963 4118 et
977 4054 1041 4117 sub
1053 4054 1274 4137 cbyrurgioo·

323 4175 398 4217 rum
426 4153 656 4218 sollicitudine
688 4153 785 4216 illum
813 4154 1024 4236 deputarunt
1051 4154 1159 4219 donec
1193 4175 1275 4219 con·
