2820 4882
341 389 407 453 1102
598 407 733 454 nocant
758 408 804 454 or
827 407 1035 456 wnnoovnn

181 580 236 621 an·
247 579 312 620 11⁷⁹..
343 585 412 629 non
434 572 488 629 est
509 583 692 646 generans,
715 582 827 645 neque
849 562 978 644 genita,
1003 579 1067 625 nec
1091 561 1294 642 procedens.

344 664 477 730 Contra
504 664 594 729 hanc
622 663 849 728 assertionem
877 662 1040 745 opposuit
1068 662 1176 724 abbas
1204 681 1296 743 prae-

343 766 448 841 fatus,
459 765 551 847 quod
567 785 635 829 non
653 772 724 828 tam
736 763 925 828 trinitatem
943 762 1145 825 adstruebat
1155 761 1192 824 in
1206 761 1296 840 Deo,

343 883 448 948 quam
475 865 756 947 quaternitatem,
780 870 852 926 tres
877 861 1040 927 videlicet
1063 879 1230 943 personas
1260 870 1297 926 et

343 964 440 1027 illam
464 976 679 1029 communem
703 963 888 1027 essentiam
913 962 1013 1044 quasi
1037 968 1198 1042 quartam
1219 981 1295 1025 ma-

344 1064 469 1128 nifeste
494 1071 713 1147 protestans3
743 1062 834 1144 quod
859 1061 955 1125 nulla
981 1080 1037 1124 res
1062 1068 1116 1125 est
1144 1063 1296 1144 quaesit

345 1161 453 1228 Pater
469 1170 505 1228 et
524 1164 634 1227 Filius
651 1170 687 1227 et
703 1162 852 1245 Spiritus
869 1162 1030 1238 Sanctae,
1049 1180 1112 1225 nec
1129 1160 1294 1239 essentia,

343 1282 407 1327 nec
436 1264 644 1340 substantia,
669 1282 732 1327 nec
761 1269 899 1339 natura,
928 1261 1088 1345 quamvis
1111 1262 1294 1339 concedat,

344 1362 436 1444 quod
468 1362 575 1427 Pater
600 1370 636 1427 et
662 1362 773 1426 Filius
798 1369 833 1426 et
859 1361 1008 1444 Spiritus
1035 1360 1184 1424 Sanctus
1209 1369 1292 1426 sunt

344 1481 414 1525 una
433 1463 596 1539 essentia,
616 1482 687 1526 una
707 1462 917 1539 substantia,
938 1469 974 1524 et
994 1479 1065 1524 una
1086 1468 1234 1540 natura;
1258 1469 1296 1526 et

343 1560 434 1626 banc
458 1581 557 1626 suam
583 1563 809 1626 assertionem
829 1561 921 1625 idem
944 1560 967 1624 J
970 1559 1106 1624 oachim
1132 1560 1186 1624 his
1214 1581 1294 1643 quae

343 1669 537 1744 sequuntur
569 1661 833 1726 auctoritatibus
865 1660 1024 1738 affirmat,
1051 1660 1166 1723 ‘Tres
1197 1670 1293 1738 sunt,

343 1762 403 1842 qui
421 1762 655 1826 testimonium
674 1762 760 1825 dant
778 1761 929 1838 incaelo,
948 1760 1066 1838 Pater,
1084 1759 1240 1824 Verbum
1257 1770 1295 1826 et

343 1861 493 1943 Spiritus
515 1861 676 1936 Sanctus,
696 1869 733 1925 et
753 1861 801 1925 hii
823 1868 894 1925 tres
916 1880 1022 1925 unum
1040 1866 1140 1940 sunt;
1165 1869 1201 1924 et
1221 1867 1293 1925 tres

343 1968 437 2038 sunt,
467 1962 528 2043 qui
560 1961 792 2025 testimonium
825 1960 910 2024 dant
931 1961 968 2024 in
999 1967 1104 2036 terra,
1134 1961 1294 2042 spiritus,

343 2079 436 2142 aqua
457 2067 492 2124 et
517 2061 673 2142 sanguia,
697 2060 801 2125 ethii
823 2067 894 2125 tres
918 2080 1024 2124 unum
1051 2061 1172 2139 sunt3'
1194 2061 1291 2139 item,

343 2160 468 2238 ‘Volo,
487 2159 605 2238 Pater,
622 2167 662 2224 ut
678 2161 749 2224 sint
765 2180 871 2224 unum
891 2160 927 2224 in
943 2160 1054 2238 nobie,
1071 2160 1162 2224 sicut
1176 2168 1212 2225 et
1228 2181 1293 2225 nos

341 2280 450 2323 unurn
468 2261 609 2324 sumus?
663 2260 764 2324 Unde
784 2260 932 2338 videtur,
951 2260 1044 2342 quod
1061 2278 1155 2343 saepe
1176 2260 1293 2325 dictus

341 2358 364 2422 J
367 2360 502 2424 oacbim
527 2359 723 2445 hujusmodi
740 2361 910 2424 unitatem
930 2380 999 2424 non
1014 2379 1133 2425 verarn
1155 2366 1191 2424 et
1208 2381 1290 2443 pro-

340 2461 463 2541 priam,
490 2460 550 2523 sed
584 2460 685 2542 quasi
712 2460 929 2525 collectivam
954 2468 990 2524 et
1016 2459 1292 2525 similitudinari-

339 2576 396 2621 am
419 2578 495 2622 esse
517 2558 679 2636 fateatur,
702 2560 989 2642 quemadmodum
1012 2560 1113 2624 multi
1133 2560 1291 2624 homines

339 2657 501 2722 dicuntur
522 2678 612 2722 unus
635 2659 797 2742 populus,
821 2666 856 2723 et
878 2659 978 2723 multi
1000 2658 1117 2724 fideles
1140 2679 1211 2723 una
1232 2680 1290 2724 ec-

337 2755 455 2822 clesia.

366 2930 553 3017 Quodpopa
569 2932 769 2996 Innocentius
783 2930 919 2997 lilellnrn
933 2932 1079 2997 Joncltine
1093 2933 1267 3000 damnauit.

174 3070 303 3134 netega
387 3056 492 3120 Stetit
518 3064 633 3120 autem
663 3056 738 3120 baec
769 3057 1036 3121 indeterminata
1063 3058 1245 3122 altercatio
1268 3079 1289 3123 a

173 3122 314 3214 illiisslia
337 3155 457 3219 diebus
482 3154 676 3221 Alexandri
701 3175 802 3238 papae
831 3176 941 3239 usque
969 3157 1005 3220 in
1035 3164 1192 3240 tempora
1226 3159 1288 3222 In·

336 3257 487 3320 nocentii
509 3276 610 3339 papae
633 3276 695 3338 per
717 3275 827 3320 annos
851 3256 990 3333 multos,
1012 3257 1211 3322 sedentibus
1233 3259 1290 3322 in-.

336 3362 462 3420 tereos
479 3357 516 3419 in
531 3356 695 3420 cathedra
710 3355 872 3421 Romana
890 3355 1010 3433 Lucio,
1026 3356 1184 3433 Urbano,
1199 3357 1288 3423 Gre-

335 3457 443 3534 gorio,
458 3455 635 3520 Clemente
650 3463 686 3521 et
703 3455 904 3534 Caelestino,
918 3456 1141 3539 pontificibus
1153 3456 1286 3522 Roma-

335 3555 408 3632 nis3
432 3557 556 3637 quibus
579 3555 766 3620 succedens
790 3556 1015 3622 Innocentius
1038 3558 1174 3634 tertiae,
1193 3548 1286 3624 anno

335 3654 476 3718 Domini
505 3655 687 3719 millesimo
715 3655 950 3721 ducentesimo
983 3656 1116 3720 decimo
1150 3658 1286 3740 quinto,

336 3752 458 3818 Romae
476 3757 637 3835 generale
651 3754 832 3820 concilium
848 3756 1040 3834 celebratae,
1054 3755 1209 3821 libellum
1223 3760 1285 3823 ab·

333 3853 425 3918 batis
453 3854 476 3918 J
480 3855 627 3934 oachim,
652 3875 755 3940 quem
780 3863 902 3920 contra
928 3843 1074 3920 Petrum
1094 3864 1130 3921 et
1155 3857 1285 3923 articu-

332 3951 402 4015 lum
431 3954 587 4019 ediderat
613 3956 829 4038 praedictum,
855 3956 909 4019 bis
936 3957 1051 4021 verbis
1081 3956 1283 4037 damnavit;

331 4048 473 4130 ‘Nos,’¹
496 4055 621 4137 inquit,
650 4060 775 4120 ‘sacro
800 4063 835 4119 et
857 4055 1045 4120 universali
1067 4057 1283 4138 approbante

555 4221 647 4286 ¹Nor.]
659 4223 789 4286 Harduin,
801 4227 860 4273 tom.
873 4224 917 4273 vii.
929 4223 977 4273 col.
992 4227 1031 4273 17.
