<?xml version="1.0" encoding="UTF-8"?>
<!DOCTYPE html PUBLIC "-//W3C//DTD XHTML 1.0 Transitional//EN"
    "http://www.w3.org/TR/xhtml1/DTD/xhtml1-transitional.dtd">
<html xmlns="http://www.w3.org/1999/xhtml" xml:lang="en" lang="en">
 <head>
  <title>
</title>
<meta http-equiv="Content-Type" content="text/html;charset=utf-8" />
  <meta name='ocr-system' content='tesseract 3.04.00' />
  <meta name='ocr-capabilities' content='ocr_page ocr_carea ocr_par ocr_line ocrx_word'/>
</head>
<body>
  <div class='ocr_page' id='page_1' title='image "./rogeridewendove01rogegoog_0290.png"; bbox 0 0 2820 4882; ppageno 0'>
   <div class='ocr_carea' id='block_1_1' title="bbox 404 393 1094 456">
    <p class='ocr_par' dir='ltr' id='par_1_1' title="bbox 404 393 1094 456">
     <span class='ocr_line' id='line_1_1' title="bbox 404 393 1094 456; baseline 0.003 -2"><span class='ocrx_word' id='word_1_1' title='bbox 404 408 542 456; x_wconf 80' lang='lat' dir='ltr'>rnonns</span> <span class='ocrx_word' id='word_1_2' title='bbox 565 408 833 456; x_wconf 72' lang='lat' dir='ltr'>nrsronrnnou.</span> <span class='ocrx_word' id='word_1_3' title='bbox 1026 393 1094 456; x_wconf 79' lang='lat'>279</span> 
     </span>
    </p>
   </div>
   <div class='ocr_carea' id='block_1_2' title="bbox 143 563 1238 3020">
    <p class='ocr_par' dir='ltr' id='par_1_2' title="bbox 143 563 1238 3020">
     <span class='ocr_line' id='line_1_2' title="bbox 143 563 1238 641; baseline 0.002 -16"><span class='ocrx_word' id='word_1_4' title='bbox 143 572 293 626; x_wconf 88' lang='lat' dir='ltr'>mantem</span> <span class='ocrx_word' id='word_1_5' title='bbox 311 569 346 626; x_wconf 83' lang='lat' dir='ltr'>ct</span> <span class='ocrx_word' id='word_1_6' title='bbox 361 563 544 639; x_wconf 73' lang='lat' dir='ltr'>dicentem,</span> <span class='ocrx_word' id='word_1_7' title='bbox 566 563 699 628; x_wconf 85' lang='lat' dir='ltr'>‘Servo</span> <span class='ocrx_word' id='word_1_8' title='bbox 714 563 793 641; x_wconf 93' lang='lat' dir='ltr'>Dei,</span> <span class='ocrx_word' id='word_1_9' title='bbox 811 583 974 627; x_wconf 89' lang='lat' dir='ltr'>succurre</span> <span class='ocrx_word' id='word_1_10' title='bbox 994 564 1089 641; x_wconf 92' lang='lat' dir='ltr'>mihi,</span> <span class='ocrx_word' id='word_1_11' title='bbox 1103 580 1159 620; x_wconf 56' lang='grc' dir='ltr'>Δ»,</span> <span class='ocrx_word' id='word_1_12' title='bbox 1170 581 1238 620; x_wconf 60' lang='lat' dir='ltr'>nst</span> 
     </span>
     <span class='ocr_line' id='line_1_3' title="bbox 144 631 1218 727; baseline 0.002 -2"><span class='ocrx_word' id='word_1_13' title='bbox 144 681 222 725; x_wconf 88' lang='lat' dir='ltr'>ecco</span> <span class='ocrx_word' id='word_1_14' title='bbox 241 661 376 724; x_wconf 87' lang='lat' dir='ltr'>invadit</span> <span class='ocrx_word' id='word_1_15' title='bbox 391 681 446 724; x_wconf 93' lang='lat' dir='ltr'>me</span> <span class='ocrx_word' id='word_1_16' title='bbox 462 662 620 726; x_wconf 89' lang='lat' dir='ltr'>inimicus</span> <span class='ocrx_word' id='word_1_17' title='bbox 637 662 758 725; x_wconf 68' lang='lat' dir='ltr'>meus!</span> <span class='ocrx_word' id='word_1_18' title='bbox 808 663 957 727; x_wconf 91' lang='lat' dir='ltr'>Sanctus</span> <span class='ocrx_word' id='word_1_19' title='bbox 974 671 1090 727; x_wconf 89' lang='lat' dir='ltr'>autem</span> <span class='ocrx_word' id='word_1_20' title='bbox 1102 631 1218 720; x_wconf 43' lang='lat' dir='ltr'>&amp;bibic-</span> 
     </span>
     <span class='ocr_line' id='line_1_4' title="bbox 144 760 1090 842; baseline 0.002 -19"><span class='ocrx_word' id='word_1_21' title='bbox 144 760 371 842; x_wconf 83' lang='lat' dir='ltr'>apprehendit</span> <span class='ocrx_word' id='word_1_22' title='bbox 384 779 525 824; x_wconf 91' lang='lat' dir='ltr'>manum</span> <span class='ocrx_word' id='word_1_23' title='bbox 540 760 686 825; x_wconf 84' lang='lat' dir='ltr'>bominis</span> <span class='ocrx_word' id='word_1_24' title='bbox 699 762 871 839; x_wconf 83' lang='lat' dir='ltr'>dextram,</span> <span class='ocrx_word' id='word_1_25' title='bbox 882 770 919 826; x_wconf 88' lang='lat' dir='ltr'>et</span> <span class='ocrx_word' id='word_1_26' title='bbox 932 763 1090 827; x_wconf 90' lang='lat' dir='ltr'>diabolus</span> 
     </span>
     <span class='ocr_line' id='line_1_5' title="bbox 145 858 1091 938; baseline 0.005 -17"><span class='ocrx_word' id='word_1_27' title='bbox 145 858 321 922; x_wconf 82' lang='lat' dir='ltr'><strong>sinistram</strong></span> <span class='ocrx_word' id='word_1_28' title='bbox 352 866 475 922; x_wconf 91' lang='lat' dir='ltr'>tenens</span> <span class='ocrx_word' id='word_1_29' title='bbox 501 878 579 923; x_wconf 92' lang='lat' dir='ltr'>cum</span> <span class='ocrx_word' id='word_1_30' title='bbox 607 860 736 923; x_wconf 84' lang='lat' dir='ltr'>virtute</span> <span class='ocrx_word' id='word_1_31' title='bbox 766 862 939 938; x_wconf 84' lang='lat' dir='ltr'>trahebat,</span> <span class='ocrx_word' id='word_1_32' title='bbox 965 869 1011 938; x_wconf 84' lang='lat' dir='ltr'>et,</span> <span class='ocrx_word' id='word_1_33' title='bbox 1041 863 1091 926; x_wconf 90' lang='lat' dir='ltr'>sic</span> 
     </span>
     <span class='ocr_line' id='line_1_6' title="bbox 146 957 1090 1034; baseline 0.002 -13"><span class='ocrx_word' id='word_1_34' title='bbox 146 958 361 1021; x_wconf 81' lang='lat' dir='ltr'>trahentibus</span> <span class='ocrx_word' id='word_1_35' title='bbox 378 957 460 1034; x_wconf 88' lang='lat' dir='ltr'>illis,</span> <span class='ocrx_word' id='word_1_36' title='bbox 480 959 534 1022; x_wconf 87' lang='lat' dir='ltr'>vir</span> <span class='ocrx_word' id='word_1_37' title='bbox 552 958 694 1021; x_wconf 88' lang='lat' dir='ltr'>Domini</span> <span class='ocrx_word' id='word_1_38' title='bbox 709 959 876 1023; x_wconf 80' lang='lat' dir='ltr'>Wlsricus</span> <span class='ocrx_word' id='word_1_39' title='bbox 898 979 969 1023; x_wconf 87' lang='lat' dir='ltr'>una</span> <span class='ocrx_word' id='word_1_40' title='bbox 986 980 1090 1023; x_wconf 91' lang='lat' dir='ltr'>manu</span> 
     </span>
     <span class='ocr_line' id='line_1_7' title="bbox 146 1057 1092 1140; baseline 0.001 -20"><span class='ocrx_word' id='word_1_41' title='bbox 146 1058 321 1139; x_wconf 86' lang='lat' dir='ltr'>captivum</span> <span class='ocrx_word' id='word_1_42' title='bbox 339 1058 462 1133; x_wconf 87' lang='lat' dir='ltr'>tenuit,</span> <span class='ocrx_word' id='word_1_43' title='bbox 479 1064 515 1119; x_wconf 89' lang='lat' dir='ltr'>et</span> <span class='ocrx_word' id='word_1_44' title='bbox 533 1057 644 1120; x_wconf 90' lang='lat' dir='ltr'>altera</span> <span class='ocrx_word' id='word_1_45' title='bbox 663 1077 767 1140; x_wconf 82' lang='lat' dir='ltr'>aqna,</span> <span class='ocrx_word' id='word_1_46' title='bbox 785 1078 889 1140; x_wconf 86' lang='lat' dir='ltr'>quam</span> <span class='ocrx_word' id='word_1_47' title='bbox 909 1058 1092 1122; x_wconf 83' lang='lat' dir='ltr'>benedixe-</span> 
     </span>
     <span class='ocr_line' id='line_1_8' title="bbox 148 1155 1092 1239; baseline 0.001 -20"><span class='ocrx_word' id='word_1_48' title='bbox 148 1164 213 1234; x_wconf 91' lang='lat' dir='ltr'>rat,</span> <span class='ocrx_word' id='word_1_49' title='bbox 228 1162 351 1219; x_wconf 92' lang='lat' dir='ltr'>contra</span> <span class='ocrx_word' id='word_1_50' title='bbox 365 1155 488 1219; x_wconf 84' lang='lat' dir='ltr'>faciem</span> <span class='ocrx_word' id='word_1_51' title='bbox 503 1156 633 1219; x_wconf 91' lang='lat' dir='ltr'>inimici</span> <span class='ocrx_word' id='word_1_52' title='bbox 653 1175 844 1238; x_wconf 86' lang='lat' dir='ltr'>aspergens</span> <span class='ocrx_word' id='word_1_53' title='bbox 862 1159 975 1239; x_wconf 89' lang='lat' dir='ltr'>ipsum</span> <span class='ocrx_word' id='word_1_54' title='bbox 991 1157 1092 1220; x_wconf 88' lang='lat' dir='ltr'>valde</span> 
     </span>
     <span class='ocr_line' id='line_1_9' title="bbox 146 1253 1092 1336; baseline 0.001 -18"><span class='ocrx_word' id='word_1_55' title='bbox 146 1256 327 1318; x_wconf 85' lang='lat' dir='ltr'>confusum</span> <span class='ocrx_word' id='word_1_56' title='bbox 351 1256 396 1318; x_wconf 91' lang='lat' dir='ltr'>ab</span> <span class='ocrx_word' id='word_1_57' title='bbox 413 1253 545 1318; x_wconf 80' lang='lat' dir='ltr'>aedibus</span> <span class='ocrx_word' id='word_1_58' title='bbox 560 1254 748 1336; x_wconf 78' lang='lat' dir='ltr'>effugavit3</span> <span class='ocrx_word' id='word_1_59' title='bbox 772 1264 810 1320; x_wconf 84' lang='lat' dir='ltr'>et</span> <span class='ocrx_word' id='word_1_60' title='bbox 825 1257 879 1319; x_wconf 88' lang='lat' dir='ltr'>vir</span> <span class='ocrx_word' id='word_1_61' title='bbox 895 1258 961 1319; x_wconf 92' lang='lat' dir='ltr'>Dei</span> <span class='ocrx_word' id='word_1_62' title='bbox 982 1256 1092 1319; x_wconf 88' lang='lat' dir='ltr'>horni-</span> 
     </span>
     <span class='ocr_line' id='line_1_10' title="bbox 147 1352 1092 1437; baseline 0.002 -21"><span class='ocrx_word' id='word_1_63' title='bbox 147 1373 223 1416; x_wconf 90' lang='lat' dir='ltr'>nem</span> <span class='ocrx_word' id='word_1_64' title='bbox 238 1354 500 1416; x_wconf 86' lang='lat' dir='ltr'>tremebundum</span> <span class='ocrx_word' id='word_1_65' title='bbox 517 1353 560 1416; x_wconf 89' lang='lat' dir='ltr'>de</span> <span class='ocrx_word' id='word_1_66' title='bbox 576 1352 734 1418; x_wconf 89' lang='lat' dir='ltr'>faucibus</span> <span class='ocrx_word' id='word_1_67' title='bbox 747 1356 868 1419; x_wconf 86' lang='lat' dir='ltr'>mortis</span> <span class='ocrx_word' id='word_1_68' title='bbox 884 1362 1041 1437; x_wconf 87' lang='lat' dir='ltr'>ereptum</span> <span class='ocrx_word' id='word_1_69' title='bbox 1055 1356 1092 1418; x_wconf 94' lang='lat' dir='ltr'>in</span> 
     </span>
     <span class='ocr_line' id='line_1_11' title="bbox 145 1453 1091 1529; baseline 0.004 -16"><span class='ocrx_word' id='word_1_70' title='bbox 145 1453 343 1517; x_wconf 83' lang='lat' dir='ltr'>interiorem</span> <span class='ocrx_word' id='word_1_71' title='bbox 369 1453 492 1515; x_wconf 84' lang='lat' dir='ltr'>cellam</span> <span class='ocrx_word' id='word_1_72' title='bbox 520 1471 619 1515; x_wconf 90' lang='lat' dir='ltr'>suam</span> <span class='ocrx_word' id='word_1_73' title='bbox 651 1454 767 1529; x_wconf 86' lang='lat' dir='ltr'>duxit,</span> <span class='ocrx_word' id='word_1_74' title='bbox 792 1461 913 1517; x_wconf 89' lang='lat' dir='ltr'>tenens</span> <span class='ocrx_word' id='word_1_75' title='bbox 939 1475 1018 1517; x_wconf 91' lang='lat' dir='ltr'>eum</span> <span class='ocrx_word' id='word_1_76' title='bbox 1043 1454 1091 1517; x_wconf 92' lang='lat' dir='ltr'>ihi</span> 
     </span>
     <span class='ocr_line' id='line_1_12' title="bbox 145 1550 1091 1634; baseline 0.004 -20"><span class='ocrx_word' id='word_1_77' title='bbox 145 1552 255 1615; x_wconf 90' lang='lat' dir='ltr'>donec</span> <span class='ocrx_word' id='word_1_78' title='bbox 270 1571 333 1633; x_wconf 91' lang='lat' dir='ltr'>per</span> <span class='ocrx_word' id='word_1_79' title='bbox 346 1550 595 1615; x_wconf 87' lang='lat' dir='ltr'>confessionem</span> <span class='ocrx_word' id='word_1_80' title='bbox 611 1553 786 1633; x_wconf 87' lang='lat' dir='ltr'>poenitens</span> <span class='ocrx_word' id='word_1_81' title='bbox 801 1553 860 1616; x_wconf 93' lang='lat' dir='ltr'>ille</span> <span class='ocrx_word' id='word_1_82' title='bbox 874 1555 983 1630; x_wconf 72' lang='lat' dir='ltr'>virne,</span> <span class='ocrx_word' id='word_1_83' title='bbox 998 1552 1091 1634; x_wconf 91' lang='lat' dir='ltr'>quod</span> 
     </span>
     <span class='ocr_line' id='line_1_13' title="bbox 145 1650 1091 1733; baseline 0.002 -19"><span class='ocrx_word' id='word_1_84' title='bbox 145 1651 282 1714; x_wconf 87' lang='lat' dir='ltr'>daemon</span> <span class='ocrx_word' id='word_1_85' title='bbox 308 1650 482 1715; x_wconf 83' lang='lat' dir='ltr'>infuderat</span> <span class='ocrx_word' id='word_1_86' title='bbox 510 1651 555 1724; x_wconf 89' lang='lat' dir='ltr'>ei,</span> <span class='ocrx_word' id='word_1_87' title='bbox 582 1650 627 1714; x_wconf 92' lang='lat' dir='ltr'>ad</span> <span class='ocrx_word' id='word_1_88' title='bbox 655 1652 761 1733; x_wconf 79' lang='lat' dir='ltr'>pedes</span> <span class='ocrx_word' id='word_1_89' title='bbox 784 1654 895 1717; x_wconf 87' lang='lat' dir='ltr'>sancti</span> <span class='ocrx_word' id='word_1_90' title='bbox 925 1654 1091 1716; x_wconf 86' lang='lat' dir='ltr'>evomuit.</span> 
     </span>
     <span class='ocr_line' id='line_1_14' title="bbox 146 1750 1092 1833; baseline 0.001 -20"><span class='ocrx_word' id='word_1_91' title='bbox 146 1750 246 1814; x_wconf 88' lang='lat' dir='ltr'>Tunc</span> <span class='ocrx_word' id='word_1_92' title='bbox 267 1750 382 1826; x_wconf 90' lang='lat' dir='ltr'>homo,</span> <span class='ocrx_word' id='word_1_93' title='bbox 397 1751 530 1814; x_wconf 85' lang='lat' dir='ltr'>viribus</span> <span class='ocrx_word' id='word_1_94' title='bbox 547 1751 745 1832; x_wconf 85' lang='lat' dir='ltr'>resumptis,</span> <span class='ocrx_word' id='word_1_95' title='bbox 763 1770 888 1833; x_wconf 93' lang='lat' dir='ltr'>corpus</span> <span class='ocrx_word' id='word_1_96' title='bbox 912 1752 1054 1814; x_wconf 85' lang='lat' dir='ltr'>Domini</span> <span class='ocrx_word' id='word_1_97' title='bbox 1070 1771 1092 1814; x_wconf 91' lang='lat' dir='ltr'>a</span> 
     </span>
     <span class='ocr_line' id='line_1_15' title="bbox 147 1849 1093 1931; baseline -0.001 -19"><span class='ocrx_word' id='word_1_98' title='bbox 147 1857 269 1913; x_wconf 90' lang='lat' dir='ltr'>sancto</span> <span class='ocrx_word' id='word_1_99' title='bbox 284 1849 430 1915; x_wconf 87' lang='lat' dir='ltr'>Wlfrico</span> <span class='ocrx_word' id='word_1_100' title='bbox 447 1849 515 1912; x_wconf 87' lang='lat' dir='ltr'>sibi</span> <span class='ocrx_word' id='word_1_101' title='bbox 531 1850 686 1912; x_wconf 86' lang='lat' dir='ltr'>oblatum</span> <span class='ocrx_word' id='word_1_102' title='bbox 702 1849 739 1912; x_wconf 93' lang='lat' dir='ltr'>in</span> <span class='ocrx_word' id='word_1_103' title='bbox 752 1851 867 1931; x_wconf 86' lang='lat' dir='ltr'>specie</span> <span class='ocrx_word' id='word_1_104' title='bbox 881 1851 996 1913; x_wconf 85' lang='lat' dir='ltr'>carnis</span> <span class='ocrx_word' id='word_1_105' title='bbox 1012 1870 1093 1913; x_wconf 93' lang='lat' dir='ltr'>con·</span> 
     </span>
     <span class='ocr_line' id='line_1_16' title="bbox 146 1948 1093 2031; baseline -0.002 -19"><span class='ocrx_word' id='word_1_106' title='bbox 146 1950 275 2031; x_wconf 83' lang='lat' dir='ltr'>spexit,</span> <span class='ocrx_word' id='word_1_107' title='bbox 294 1956 330 2013; x_wconf 91' lang='lat' dir='ltr'>et</span> <span class='ocrx_word' id='word_1_108' title='bbox 348 1948 594 2030; x_wconf 82' lang='lat' dir='ltr'>interrogatus,</span> <span class='ocrx_word' id='word_1_109' title='bbox 609 1950 640 2011; x_wconf 90' lang='lat' dir='ltr'>si</span> <span class='ocrx_word' id='word_1_110' title='bbox 655 1968 701 2011; x_wconf 87' lang='lat' dir='ltr'>ex</span> <span class='ocrx_word' id='word_1_111' title='bbox 719 1955 794 2012; x_wconf 83' lang='lat' dir='ltr'>toto</span> <span class='ocrx_word' id='word_1_112' title='bbox 809 1949 911 2012; x_wconf 87' lang='lat' dir='ltr'>corde</span> <span class='ocrx_word' id='word_1_113' title='bbox 928 1948 1093 2024; x_wconf 91' lang='lat' dir='ltr'>crederet,</span> 
     </span>
     <span class='ocr_line' id='line_1_17' title="bbox 147 2047 1093 2130; baseline -0.003 -19"><span class='ocrx_word' id='word_1_114' title='bbox 147 2055 157 2082; x_wconf 90' lang='lat'>‘</span> <span class='ocrx_word' id='word_1_115' title='bbox 172 2048 297 2125; x_wconf 86' lang='lat' dir='ltr'>Credo,</span> <span class='ocrx_word' id='word_1_116' title='bbox 317 2047 476 2124; x_wconf 89' lang='lat' dir='ltr'>domine‚’</span> <span class='ocrx_word' id='word_1_117' title='bbox 492 2048 619 2130; x_wconf 91' lang='lat' dir='ltr'>inquit,</span> <span class='ocrx_word' id='word_1_118' title='bbox 635 2049 742 2130; x_wconf 85' lang='lat' dir='ltr'>‘quia</span> <span class='ocrx_word' id='word_1_119' title='bbox 759 2065 885 2128; x_wconf 85' lang='lat' dir='ltr'>corpus</span> <span class='ocrx_word' id='word_1_120' title='bbox 900 2054 936 2110; x_wconf 92' lang='lat' dir='ltr'>et</span> <span class='ocrx_word' id='word_1_121' title='bbox 952 2047 1093 2127; x_wconf 83' lang='lat' dir='ltr'>sangui·</span> 
     </span>
     <span class='ocr_line' id='line_1_18' title="bbox 148 2146 1094 2228; baseline -0.003 -18"><span class='ocrx_word' id='word_1_122' title='bbox 148 2167 226 2211; x_wconf 91' lang='lat' dir='ltr'>nem</span> <span class='ocrx_word' id='word_1_123' title='bbox 244 2147 386 2211; x_wconf 90' lang='lat' dir='ltr'>Domini</span> <span class='ocrx_word' id='word_1_124' title='bbox 406 2148 473 2210; x_wconf 88' lang='lat' dir='ltr'>mei</span> <span class='ocrx_word' id='word_1_125' title='bbox 493 2147 529 2209; x_wconf 93' lang='lat' dir='ltr'>in</span> <span class='ocrx_word' id='word_1_126' title='bbox 548 2148 707 2210; x_wconf 87' lang='lat' dir='ltr'>manibus</span> <span class='ocrx_word' id='word_1_127' title='bbox 723 2148 793 2210; x_wconf 90' lang='lat' dir='ltr'>tuis</span> <span class='ocrx_word' id='word_1_128' title='bbox 808 2148 873 2210; x_wconf 91' lang='lat' dir='ltr'>sub</span> <span class='ocrx_word' id='word_1_129' title='bbox 886 2146 1002 2228; x_wconf 86' lang='lat' dir='ltr'>specie</span> <span class='ocrx_word' id='word_1_130' title='bbox 1017 2164 1094 2208; x_wconf 92' lang='lat' dir='ltr'>car-</span> 
     </span>
     <span class='ocr_line' id='line_1_19' title="bbox 150 2242 1094 2328; baseline -0.003 -19"><span class='ocrx_word' id='word_1_131' title='bbox 150 2248 203 2309; x_wconf 92' lang='lat' dir='ltr'>nis</span> <span class='ocrx_word' id='word_1_132' title='bbox 218 2247 320 2310; x_wconf 86' lang='lat' dir='ltr'>rideo</span> <span class='ocrx_word' id='word_1_133' title='bbox 337 2265 403 2326; x_wconf 83' lang='lat' dir='ltr'>ego</span> <span class='ocrx_word' id='word_1_134' title='bbox 419 2247 524 2309; x_wconf 87' lang='lat' dir='ltr'>miser</span> <span class='ocrx_word' id='word_1_135' title='bbox 537 2253 574 2310; x_wconf 86' lang='lat' dir='ltr'>et</span> <span class='ocrx_word' id='word_1_136' title='bbox 586 2253 747 2328; x_wconf 88' lang='lat' dir='ltr'>peccator</span> <span class='ocrx_word' id='word_1_137' title='bbox 763 2242 783 2325; x_wconf 86' lang='lat'>3&#39;</span> <span class='ocrx_word' id='word_1_138' title='bbox 804 2246 861 2308; x_wconf 91' lang='lat' dir='ltr'>cui</span> <span class='ocrx_word' id='word_1_139' title='bbox 874 2246 927 2308; x_wconf 83' lang='lat' dir='ltr'>vir</span> <span class='ocrx_word' id='word_1_140' title='bbox 940 2251 1094 2321; x_wconf 90' lang='lat' dir='ltr'>sanctus,</span> 
     </span>
     <span class='ocr_line' id='line_1_20' title="bbox 148 2344 1094 2426; baseline -0.004 -16"><span class='ocrx_word' id='word_1_141' title='bbox 148 2355 158 2380; x_wconf 81' lang='lat'><strong>⁴</strong></span> <span class='ocrx_word' id='word_1_142' title='bbox 171 2347 247 2410; x_wconf 93' lang='lat' dir='ltr'>Deo</span> <span class='ocrx_word' id='word_1_143' title='bbox 266 2345 422 2426; x_wconf 81' lang='lat' dir='ltr'>gratias,&#39;</span> <span class='ocrx_word' id='word_1_144' title='bbox 437 2345 572 2426; x_wconf 82' lang='lat' dir='ltr'>inquit3</span> <span class='ocrx_word' id='word_1_145' title='bbox 592 2350 706 2408; x_wconf 88' lang='lat' dir='ltr'>‘nunc</span> <span class='ocrx_word' id='word_1_146' title='bbox 722 2344 824 2407; x_wconf 89' lang='lat' dir='ltr'>simul</span> <span class='ocrx_word' id='word_1_147' title='bbox 838 2363 986 2421; x_wconf 87' lang='lat' dir='ltr'>oremus,</span> <span class='ocrx_word' id='word_1_148' title='bbox 1001 2352 1041 2407; x_wconf 91' lang='lat' dir='ltr'>ut</span> <span class='ocrx_word' id='word_1_149' title='bbox 1057 2345 1094 2406; x_wconf 96' lang='lat' dir='ltr'>in</span> 
     </span>
     <span class='ocr_line' id='line_1_21' title="bbox 149 2443 1095 2528; baseline -0.004 -19"><span class='ocrx_word' id='word_1_150' title='bbox 149 2447 264 2528; x_wconf 89' lang='lat' dir='ltr'>specie</span> <span class='ocrx_word' id='word_1_151' title='bbox 279 2451 444 2508; x_wconf 84' lang='lat' dir='ltr'>consueta</span> <span class='ocrx_word' id='word_1_152' title='bbox 459 2443 545 2507; x_wconf 91' lang='lat' dir='ltr'>illud</span> <span class='ocrx_word' id='word_1_153' title='bbox 567 2445 743 2526; x_wconf 87' lang='lat' dir='ltr'>percipere</span> <span class='ocrx_word' id='word_1_154' title='bbox 758 2445 922 2507; x_wconf 89' lang='lat' dir='ltr'>merearis</span> <span class='ocrx_word' id='word_1_155' title='bbox 935 2443 954 2522; x_wconf 92' lang='lat'>;&#39;</span> <span class='ocrx_word' id='word_1_156' title='bbox 976 2443 1095 2525; x_wconf 88' lang='lat' dir='ltr'>sicque</span> 
     </span>
     <span class='ocr_line' id='line_1_22' title="bbox 149 2543 1095 2608; baseline -0.005 0"><span class='ocrx_word' id='word_1_157' title='bbox 149 2544 438 2608; x_wconf 91' lang='lat' dir='ltr'>communicatum</span> <span class='ocrx_word' id='word_1_158' title='bbox 458 2543 631 2606; x_wconf 91' lang='lat' dir='ltr'>hominem</span> <span class='ocrx_word' id='word_1_159' title='bbox 655 2550 691 2606; x_wconf 94' lang='lat' dir='ltr'>et</span> <span class='ocrx_word' id='word_1_160' title='bbox 712 2544 748 2606; x_wconf 94' lang='lat' dir='ltr'>in</span> <span class='ocrx_word' id='word_1_161' title='bbox 771 2543 837 2606; x_wconf 87' lang='lat' dir='ltr'>lide</span> <span class='ocrx_word' id='word_1_162' title='bbox 856 2543 1095 2607; x_wconf 84' lang='lat' dir='ltr'>confirmatum</span> 
     </span>
     <span class='ocr_line' id='line_1_23' title="bbox 149 2641 1096 2725; baseline -0.003 -18"><span class='ocrx_word' id='word_1_163' title='bbox 149 2644 278 2708; x_wconf 87' lang='lat' dir='ltr'>dimisit</span> <span class='ocrx_word' id='word_1_164' title='bbox 293 2644 327 2706; x_wconf 93' lang='lat' dir='ltr'>in</span> <span class='ocrx_word' id='word_1_165' title='bbox 351 2662 448 2725; x_wconf 88' lang='lat' dir='ltr'>paco.</span> <span class='ocrx_word' id='word_1_166' title='bbox 501 2641 598 2706; x_wconf 88' lang='lat' dir='ltr'>Obiit</span> <span class='ocrx_word' id='word_1_167' title='bbox 620 2650 736 2706; x_wconf 87' lang='lat' dir='ltr'>autem</span> <span class='ocrx_word' id='word_1_168' title='bbox 754 2643 886 2706; x_wconf 89' lang='lat' dir='ltr'>amicus</span> <span class='ocrx_word' id='word_1_169' title='bbox 904 2643 972 2704; x_wconf 92' lang='lat' dir='ltr'>Dei</span> <span class='ocrx_word' id='word_1_170' title='bbox 996 2659 1096 2704; x_wconf 91' lang='lat' dir='ltr'>sanc·</span> 
     </span>
     <span class='ocr_line' id='line_1_24' title="bbox 152 2737 1097 2817; baseline -0.004 -11"><span class='ocrx_word' id='word_1_171' title='bbox 152 2751 208 2806; x_wconf 91' lang='lat' dir='ltr'>tus</span> <span class='ocrx_word' id='word_1_172' title='bbox 219 2742 386 2806; x_wconf 85' lang='lat' dir='ltr'>Wlfricus</span> <span class='ocrx_word' id='word_1_173' title='bbox 401 2737 545 2805; x_wconf 91' lang='lat' dir='ltr'>¹decimo</span> <span class='ocrx_word' id='word_1_174' title='bbox 558 2741 726 2805; x_wconf 86' lang='lat' dir='ltr'>kalendas</span> <span class='ocrx_word' id='word_1_175' title='bbox 740 2741 874 2817; x_wconf 89' lang='lat' dir='ltr'>Martii,</span> <span class='ocrx_word' id='word_1_176' title='bbox 883 2749 918 2804; x_wconf 85' lang='lat' dir='ltr'>ct</span> <span class='ocrx_word' id='word_1_177' title='bbox 934 2740 969 2802; x_wconf 94' lang='lat' dir='ltr'>in</span> <span class='ocrx_word' id='word_1_178' title='bbox 980 2746 1097 2803; x_wconf 90' lang='lat' dir='ltr'>orato·</span> 
     </span>
     <span class='ocr_line' id='line_1_25' title="bbox 151 2839 1097 2924; baseline -0.005 -19"><span class='ocrx_word' id='word_1_179' title='bbox 151 2842 202 2905; x_wconf 90' lang='lat' dir='ltr'>rio</span> <span class='ocrx_word' id='word_1_180' title='bbox 224 2861 288 2905; x_wconf 91' lang='lat' dir='ltr'>suo</span> <span class='ocrx_word' id='word_1_181' title='bbox 315 2842 471 2924; x_wconf 85' lang='lat' dir='ltr'>sepultus</span> <span class='ocrx_word' id='word_1_182' title='bbox 493 2849 547 2904; x_wconf 89' lang='lat' dir='ltr'>est</span> <span class='ocrx_word' id='word_1_183' title='bbox 568 2841 660 2923; x_wconf 85' lang='lat' dir='ltr'>apud</span> <span class='ocrx_word' id='word_1_184' title='bbox 684 2840 948 2920; x_wconf 83' lang='lat' dir='ltr'>Hesclhergam,</span> <span class='ocrx_word' id='word_1_185' title='bbox 969 2859 1040 2920; x_wconf 92' lang='lat' dir='ltr'>quo</span> <span class='ocrx_word' id='word_1_186' title='bbox 1061 2839 1097 2900; x_wconf 91' lang='lat' dir='ltr'>in</span> 
     </span>
     <span class='ocr_line' id='line_1_26' title="bbox 152 2938 1099 3020; baseline -0.005 -16"><span class='ocrx_word' id='word_1_187' title='bbox 152 2942 241 3018; x_wconf 94' lang='lat' dir='ltr'>loco,</span> <span class='ocrx_word' id='word_1_188' title='bbox 259 2941 304 3004; x_wconf 92' lang='lat' dir='ltr'>ad</span> <span class='ocrx_word' id='word_1_189' title='bbox 319 2940 456 3004; x_wconf 90' lang='lat' dir='ltr'>laudem</span> <span class='ocrx_word' id='word_1_190' title='bbox 479 2938 547 3003; x_wconf 88' lang='lat' dir='ltr'>Dei</span> <span class='ocrx_word' id='word_1_191' title='bbox 563 2947 599 3003; x_wconf 89' lang='lat' dir='ltr'>et</span> <span class='ocrx_word' id='word_1_192' title='bbox 613 2940 759 3020; x_wconf 86' lang='lat' dir='ltr'>gloriam</span> <span class='ocrx_word' id='word_1_193' title='bbox 780 2939 905 3014; x_wconf 88' lang='lat' dir='ltr'>sancti,</span> <span class='ocrx_word' id='word_1_194' title='bbox 920 2940 1099 3002; x_wconf 87' lang='lat' dir='ltr'>innumera</span> 
     </span>
    </p>
   </div>
   <div class='ocr_carea' id='block_1_3' title="bbox 154 3038 935 3120">
    <p class='ocr_par' dir='ltr' id='par_1_3' title="bbox 154 3038 935 3120">
     <span class='ocr_line' id='line_1_27' title="bbox 154 3038 935 3120; baseline -0.001 -18"><span class='ocrx_word' id='word_1_195' title='bbox 154 3041 241 3105; x_wconf 90' lang='lat' dir='ltr'>liunt</span> <span class='ocrx_word' id='word_1_196' title='bbox 256 3040 423 3103; x_wconf 89' lang='lat' dir='ltr'>miracula</span> <span class='ocrx_word' id='word_1_197' title='bbox 438 3058 548 3120; x_wconf 87' lang='lat' dir='ltr'>nsque</span> <span class='ocrx_word' id='word_1_198' title='bbox 563 3039 600 3101; x_wconf 95' lang='lat' dir='ltr'>in</span> <span class='ocrx_word' id='word_1_199' title='bbox 616 3039 706 3102; x_wconf 90' lang='lat' dir='ltr'>diem</span> <span class='ocrx_word' id='word_1_200' title='bbox 722 3038 935 3101; x_wconf 89' lang='lat' dir='ltr'>hodiernum.</span> 
     </span>
    </p>
   </div>
   <div class='ocr_carea' id='block_1_4' title="bbox 154 3183 1234 3790">
    <p class='ocr_par' dir='ltr' id='par_1_4' title="bbox 376 3183 874 3273">
     <span class='ocr_line' id='line_1_28' title="bbox 376 3183 874 3273; baseline -0.01 -21"><span class='ocrx_word' id='word_1_201' title='bbox 376 3189 426 3252; x_wconf 80' lang='lat' dir='ltr'>Dc</span> <span class='ocrx_word' id='word_1_202' title='bbox 436 3184 615 3273; x_wconf 72' lang='lat' dir='ltr'>pomulopio</span> <span class='ocrx_word' id='word_1_203' title='bbox 631 3185 766 3250; x_wconf 79' lang='lat' dir='ltr'>Hearict‘</span> <span class='ocrx_word' id='word_1_204' title='bbox 784 3183 874 3270; x_wconf 70' lang='lat' dir='ltr'>repis,</span> 
     </span>
    </p>

    <p class='ocr_par' dir='ltr' id='par_1_5' title="bbox 154 3302 1234 3790">
     <span class='ocr_line' id='line_1_29' title="bbox 204 3302 1233 3391; baseline -0.013 -15"><span class='ocrx_word' id='word_1_205' title='bbox 204 3312 309 3377; x_wconf 87' lang='lat' dir='ltr'>Anno</span> <span class='ocrx_word' id='word_1_206' title='bbox 322 3313 465 3376; x_wconf 92' lang='lat' dir='ltr'>Domini</span> <span class='ocrx_word' id='word_1_207' title='bbox 482 3329 590 3375; x_wconf 77' lang='lat' dir='ltr'>mcuv.</span> <span class='ocrx_word' id='word_1_208' title='bbox 614 3319 717 3374; x_wconf 89' lang='lat' dir='ltr'>natus</span> <span class='ocrx_word' id='word_1_209' title='bbox 734 3319 788 3376; x_wconf 90' lang='lat' dir='ltr'>est</span> <span class='ocrx_word' id='word_1_210' title='bbox 810 3309 1000 3373; x_wconf 90' lang='lat' dir='ltr'>Londoniis</span> <span class='ocrx_word' id='word_1_211' title='bbox 1013 3302 1025 3339; x_wconf 84' lang='lat'><strong>²</strong></span> <span class='ocrx_word' id='word_1_212' title='bbox 1031 3308 1100 3391; x_wconf 89' lang='lat' dir='ltr'>pri·</span> <span class='ocrx_word' id='word_1_213' title='bbox 1112 3328 1166 3366; x_wconf 70' lang='lat' dir='ltr'>no.</span> <span class='ocrx_word' id='word_1_214' title='bbox 1177 3327 1233 3365; x_wconf 72' lang='lat' dir='ltr'>rin.</span> 
     </span>
     <span class='ocr_line' id='line_1_30' title="bbox 154 3376 1234 3490; baseline -0.009 -16"><span class='ocrx_word' id='word_1_215' title='bbox 154 3412 208 3476; x_wconf 91' lang='lat' dir='ltr'>die</span> <span class='ocrx_word' id='word_1_216' title='bbox 238 3412 407 3476; x_wconf 86' lang='lat' dir='ltr'>kalendas</span> <span class='ocrx_word' id='word_1_217' title='bbox 442 3412 563 3474; x_wconf 88' lang='lat' dir='ltr'>Martii</span> <span class='ocrx_word' id='word_1_218' title='bbox 596 3410 763 3486; x_wconf 88' lang='lat' dir='ltr'>Henrico,</span> <span class='ocrx_word' id='word_1_219' title='bbox 788 3429 879 3473; x_wconf 91' lang='lat' dir='ltr'>novo</span> <span class='ocrx_word' id='word_1_220' title='bbox 905 3376 1234 3490; x_wconf 62' lang='lat' dir='ltr'>Anglorumiiiii&#39;l‘l‘</span> 
     </span>
     <span class='ocr_line' id='line_1_31' title="bbox 154 3510 1099 3594; baseline -0.003 -21"><span class='ocrx_word' id='word_1_221' title='bbox 154 3514 241 3594; x_wconf 80' lang='lat' dir='ltr'>regi,</span> <span class='ocrx_word' id='word_1_222' title='bbox 261 3512 447 3593; x_wconf 82' lang='lat' dir='ltr'>exregina</span> <span class='ocrx_word' id='word_1_223' title='bbox 462 3511 606 3575; x_wconf 91' lang='lat' dir='ltr'>Alienor</span> <span class='ocrx_word' id='word_1_224' title='bbox 625 3510 716 3573; x_wconf 90' lang='lat' dir='ltr'>filius</span> <span class='ocrx_word' id='word_1_225' title='bbox 736 3510 911 3591; x_wconf 83' lang='lat' dir='ltr'>legitimus</span> <span class='ocrx_word' id='word_1_226' title='bbox 938 3517 974 3573; x_wconf 87' lang='lat' dir='ltr'>et</span> <span class='ocrx_word' id='word_1_227' title='bbox 994 3527 1099 3572; x_wconf 87' lang='lat' dir='ltr'>voca-</span> 
     </span>
     <span class='ocr_line' id='line_1_32' title="bbox 155 3605 1100 3688; baseline -0.006 -14"><span class='ocrx_word' id='word_1_228' title='bbox 155 3619 211 3675; x_wconf 85' lang='lat' dir='ltr'>tus</span> <span class='ocrx_word' id='word_1_229' title='bbox 234 3618 289 3674; x_wconf 88' lang='lat' dir='ltr'>est</span> <span class='ocrx_word' id='word_1_230' title='bbox 310 3605 514 3674; x_wconf 80' lang='lat' dir='ltr'>³Henricus.</span> <span class='ocrx_word' id='word_1_231' title='bbox 566 3611 649 3673; x_wconf 90' lang='lat' dir='ltr'>Fuit</span> <span class='ocrx_word' id='word_1_232' title='bbox 670 3616 786 3672; x_wconf 90' lang='lat' dir='ltr'>autem</span> <span class='ocrx_word' id='word_1_233' title='bbox 809 3607 1012 3688; x_wconf 82' lang='lat' dir='ltr'>magnificus</span> <span class='ocrx_word' id='word_1_234' title='bbox 1037 3626 1100 3669; x_wconf 88' lang='lat' dir='ltr'>rex</span> 
     </span>
     <span class='ocr_line' id='line_1_33' title="bbox 156 3707 1102 3790; baseline -0.004 -18"><span class='ocrx_word' id='word_1_235' title='bbox 156 3710 331 3774; x_wconf 90' lang='lat' dir='ltr'>Henricus</span> <span class='ocrx_word' id='word_1_236' title='bbox 347 3711 438 3774; x_wconf 87' lang='lat' dir='ltr'>filius</span> <span class='ocrx_word' id='word_1_237' title='bbox 454 3707 626 3786; x_wconf 87' lang='lat' dir='ltr'>Matildis,</span> <span class='ocrx_word' id='word_1_238' title='bbox 643 3727 722 3790; x_wconf 86' lang='lat' dir='ltr'>quae</span> <span class='ocrx_word' id='word_1_239' title='bbox 740 3708 836 3790; x_wconf 89' lang='lat' dir='ltr'>prius</span> <span class='ocrx_word' id='word_1_240' title='bbox 859 3707 973 3769; x_wconf 87' lang='lat' dir='ltr'>suerat</span> <span class='ocrx_word' id='word_1_241' title='bbox 993 3707 1102 3788; x_wconf 90' lang='lat' dir='ltr'>impe-</span> 
     </span>
    </p>
   </div>
   <div class='ocr_carea' id='block_1_5' title="bbox 154 3804 1101 3889">
    <p class='ocr_par' dir='ltr' id='par_1_6' title="bbox 154 3804 1101 3889">
     <span class='ocr_line' id='line_1_34' title="bbox 154 3804 1101 3889; baseline -0.005 -17"><span class='ocrx_word' id='word_1_242' title='bbox 154 3810 264 3873; x_wconf 84' lang='lat' dir='ltr'>ratrix</span> <span class='ocrx_word' id='word_1_243' title='bbox 284 3809 521 3874; x_wconf 90' lang='lat' dir='ltr'>Romanorum</span> <span class='ocrx_word' id='word_1_244' title='bbox 544 3817 580 3872; x_wconf 91' lang='lat' dir='ltr'>ct</span> <span class='ocrx_word' id='word_1_245' title='bbox 597 3815 720 3889; x_wconf 88' lang='lat' dir='ltr'>postea</span> <span class='ocrx_word' id='word_1_246' title='bbox 743 3805 920 3870; x_wconf 86' lang='lat' dir='ltr'>comitissa</span> <span class='ocrx_word' id='word_1_247' title='bbox 936 3804 1101 3885; x_wconf 83' lang='lat' dir='ltr'>Andega·</span> 
     </span>
    </p>
   </div>
   <div class='ocr_carea' id='block_1_6' title="bbox 156 3953 1110 4301">
    <p class='ocr_par' dir='ltr' id='par_1_7' title="bbox 156 3953 1108 4164">
     <span class='ocr_line' id='line_1_35' title="bbox 190 3953 1104 4024; baseline -0.012 -12"><span class='ocrx_word' id='word_1_248' title='bbox 190 3961 311 4014; x_wconf 82' lang='lat' dir='ltr'>¹Decimo</span> <span class='ocrx_word' id='word_1_249' title='bbox 321 3961 618 4024; x_wconf 75' lang='lat' dir='ltr'>lmlcodqucrtii.]See</span> <span class='ocrx_word' id='word_1_250' title='bbox 677 3956 865 4020; x_wconf 61' lang='lat' dir='ltr'>Hiemem]</span> <span class='ocrx_word' id='word_1_251' title='bbox 895 3954 1018 4005; x_wconf 85' lang='lat' dir='ltr'>Crowned</span> <span class='ocrx_word' id='word_1_252' title='bbox 1041 3953 1104 4014; x_wconf 80' lang='lat' dir='ltr'>king</span> 
     </span>
     <span class='ocr_line' id='line_1_36' title="bbox 156 4023 1106 4094; baseline -0.014 -11"><span class='ocrx_word' id='word_1_253' title='bbox 156 4031 619 4094; x_wconf 76' lang='lat' dir='ltr'>Wilson&#39;sMartyrologe,edit.lobss,</span> <span class='ocrx_word' id='word_1_254' title='bbox 642 4029 677 4089; x_wconf 86' lang='lat' dir='ltr'>by</span> <span class='ocrx_word' id='word_1_255' title='bbox 701 4027 832 4076; x_wconf 86' lang='lat' dir='ltr'>command</span> <span class='ocrx_word' id='word_1_256' title='bbox 856 4027 886 4074; x_wconf 81' lang='lat' dir='ltr'>ol</span> <span class='ocrx_word' id='word_1_257' title='bbox 910 4025 951 4074; x_wconf 89' lang='lat' dir='ltr'>his</span> <span class='ocrx_word' id='word_1_258' title='bbox 975 4023 1057 4072; x_wconf 82' lang='lat' dir='ltr'>father</span> <span class='ocrx_word' id='word_1_259' title='bbox 1079 4023 1106 4071; x_wconf 89' lang='lat' dir='ltr'>in</span> 
     </span>
     <span class='ocr_line' id='line_1_37' title="bbox 156 4093 1108 4164; baseline -0.013 -12"><span class='ocrx_word' id='word_1_260' title='bbox 156 4119 182 4164; x_wconf 87' lang='lat' dir='ltr'>p.</span> <span class='ocrx_word' id='word_1_261' title='bbox 193 4108 233 4152; x_wconf 76' lang='lat' dir='ltr'>lo.</span> <span class='ocrx_word' id='word_1_262' title='bbox 645 4101 726 4156; x_wconf 75' lang='lat'>11703</span> <span class='ocrx_word' id='word_1_263' title='bbox 742 4096 860 4155; x_wconf 85' lang='lat' dir='ltr'>rnarried,</span> <span class='ocrx_word' id='word_1_264' title='bbox 878 4097 904 4143; x_wconf 89' lang='lat' dir='ltr'>in</span> <span class='ocrx_word' id='word_1_265' title='bbox 919 4098 992 4155; x_wconf 72' lang='lat'>11⁷3,</span> <span class='ocrx_word' id='word_1_266' title='bbox 1004 4093 1108 4155; x_wconf 80' lang='lat' dir='ltr'>Marga-</span> 
     </span>
    </p>

    <p class='ocr_par' dir='ltr' id='par_1_8' title="bbox 158 4162 1110 4301">
     <span class='ocr_line' id='line_1_38' title="bbox 190 4162 1110 4231; baseline -0.013 -9"><span class='ocrx_word' id='word_1_267' title='bbox 190 4170 302 4221; x_wconf 74' lang='lat' dir='ltr'>²Pridie</span> <span class='ocrx_word' id='word_1_268' title='bbox 331 4172 446 4220; x_wconf 77' lang='lat' dir='ltr'>kalendas</span> <span class='ocrx_word' id='word_1_269' title='bbox 482 4169 583 4219; x_wconf 79' lang='lat' dir='ltr'>Martii.</span> <span class='ocrx_word' id='word_1_270' title='bbox 607 4168 619 4231; x_wconf 96' lang='lat'><strong>]</strong></span> <span class='ocrx_word' id='word_1_271' title='bbox 645 4171 692 4229; x_wconf 87' lang='lat' dir='ltr'>ret,</span> <span class='ocrx_word' id='word_1_272' title='bbox 710 4166 836 4227; x_wconf 80' lang='lat' dir='ltr'>daughter</span> <span class='ocrx_word' id='word_1_273' title='bbox 854 4164 884 4213; x_wconf 81' lang='lat' dir='ltr'>of</span> <span class='ocrx_word' id='word_1_274' title='bbox 903 4165 981 4213; x_wconf 83' lang='lat' dir='ltr'>bouis</span> <span class='ocrx_word' id='word_1_275' title='bbox 999 4163 1061 4212; x_wconf 91' lang='lat' dir='ltr'>Vll.</span> <span class='ocrx_word' id='word_1_276' title='bbox 1081 4162 1110 4210; x_wconf 79' lang='lat' dir='ltr'>oi</span> 
     </span>
     <span class='ocr_line' id='line_1_39' title="bbox 158 4235 957 4301; baseline -0.01 -11"><span class='ocrx_word' id='word_1_277' title='bbox 158 4243 264 4292; x_wconf 77' lang='lat' dir='ltr'>‘Menoe</span> <span class='ocrx_word' id='word_1_278' title='bbox 275 4242 372 4291; x_wconf 88' lang='lat' dir='ltr'>Martio</span> <span class='ocrx_word' id='word_1_279' title='bbox 379 4235 395 4301; x_wconf 88' lang='lat'>;&#39;</span> <span class='ocrx_word' id='word_1_280' title='bbox 412 4240 520 4290; x_wconf 82' lang='lat' dir='ltr'>Gervas.</span> <span class='ocrx_word' id='word_1_281' title='bbox 646 4239 741 4286; x_wconf 82' lang='lat' dir='ltr'>Franco</span> <span class='ocrx_word' id='word_1_282' title='bbox 750 4251 757 4296; x_wconf 91' lang='lat'>;</span> <span class='ocrx_word' id='word_1_283' title='bbox 775 4236 834 4284; x_wconf 87' lang='lat' dir='ltr'>died</span> <span class='ocrx_word' id='word_1_284' title='bbox 846 4235 872 4282; x_wconf 92' lang='lat' dir='ltr'>in</span> <span class='ocrx_word' id='word_1_285' title='bbox 884 4237 957 4283; x_wconf 77' lang='lat'>1182.</span> 
     </span>
    </p>
   </div>
   <div class='ocr_carea' id='block_1_7' title="bbox 0 0 1429 4882">
    <p class='ocr_par' dir='ltr' id='par_1_9' title="bbox 0 0 1429 4882">
     <span class='ocr_line' id='line_1_40' title="bbox 0 0 1429 4882; baseline 0 0"><span class='ocrx_word' id='word_1_286' title='bbox 0 0 1429 4882; x_wconf 95' lang='lat' dir='ltr'> </span> 
     </span>
    </p>
   </div>
  </div>
 </body>
</html>
