2820 4882
373 390 439 455 336
624 409 758 456 uocum
781 409 829 455 nn
851 406 1059 456 wnunovun

212 578 335 618 A·¹)·¹¹⁰⁹1
375 565 694 629 communicationis
732 564 905 628 effundere
937 564 1066 640 valeat,
1100 561 1327 644 provideatis,

375 685 430 742 ne,
444 665 473 728 si
491 664 604 727 minus
620 665 656 726 in
672 663 737 727 hac
748 664 848 747 justa
867 664 1033 746 petitione
1048 662 1203 726 exauditi
1219 662 1327 724 t'ueri-

374 783 463 840 mus,
484 771 651 844 tanquam
673 762 716 826 dc
738 761 978 848 benevolentia
997 768 1113 826 vestra
1136 761 1326 843 desperan-

374 869 427 925 tes
447 861 548 925 aliter
570 861 747 925 securitati
768 869 897 926 nostrae
922 861 1118 944 prospicere
1139 858 1327 941 compella·

374 979 470 1040 mur3
490 968 536 1037 et,
555 961 718 1043 quoniam
737 960 875 1042 singula
892 960 1034 1042 negotia
1050 967 1170 1024 nostra
1184 957 1326 1022 difficile

374 1061 438 1123 sub
460 1059 589 1142 scripto
609 1060 949 1142 comprehendentur,
967 1060 1135 1123 mittimus
1154 1058 1197 1128 ad
1216 1056 1325 1139 pedes

373 1159 593 1241 paternitatis
628 1166 753 1222 vestrae
782 1158 926 1222 clericos
951 1165 1090 1222 nostros
1119 1150 1325 1221 ¹familiares

375 1258 420 1321 R.
450 1257 728 1322 archidiaconum
754 1257 1043 1321 Salesberiensem
1065 1265 1100 1322 et
1124 1256 1167 1319 R.
1182 1250 1326 1332 ²Barre‚

373 1357 433 1438 qui
452 1357 587 1439 plenius
604 1357 703 1420 vohis
725 1364 853 1421 cuncta
874 1376 952 1439 quae
975 1365 1076 1438 gesta
1098 1363 1181 1419 sunt
1201 1362 1239 1419 et
1252 1355 1325 1442 alia

373 1457 514 1538 negotia
529 1463 647 1521 nostra
662 1456 863 1537 exponent?

412 1627 503 1701 Quod
515 1627 622 1692 acatii
636 1628 717 1713 repis
733 1649 859 1693 coccam
876 1627 961 1694 hecti
977 1629 1096 1693 Thomu
1106 1628 1286 1714 plurimum

733 1728 955 1813 depresserant.

425 1849 552 1915 Nuntii
567 1850 674 1934 igitur
695 1851 787 1934 regis
803 1850 847 1915 ad
869 1852 1063 1916 Romanam
1079 1852 1324 1934 pervenientes

374 1950 504 2014 curiam
534 1951 653 2015 literas
679 1951 754 2035 ejus
774 1951 914 2014 domino
933 1971 1035 2034 papae
1053 1970 1132 2014 cum
1154 1951 1231 2014 aliis
1260 1971 1323 2014 ne·

373 2049 477 2131 gotiis
498 2050 563 2113 sibi
586 2051 757 2132 impositis
777 2050 1016 2127 ostenderunt,
1041 2051 1194 2114 donariis
1217 2049 1323 2112 simul

373 2157 409 2215 et
431 2148 566 2212 blandis
596 2150 811 2214 sermonibus
836 2168 1053 2231 summopere
1075 2150 1255 2213 studentes
1275 2149 1322 2212 ad

373 2248 527 2312 favorem
543 2250 676 2330 regium
690 2249 783 2312 illius
796 2249 945 2312 animum
958 2248 1140 2328 inclinarc;
1159 2247 1219 2311 sed
1236 2249 1321 2331 quid

373 2346 421 2410 ibi
442 2347 576 2429 egerint
597 2348 723 2424 nuntii,
744 2348 853 2412 literis
874 2347 1087 2429 apostolicis,
1106 2366 1194 2429 quas
1216 2349 1323 2412 vicis·

374 2446 440 2509 sim
470 2448 573 2510 beato
600 2447 757 2524 Thomae,
778 2446 1021 2510 Cantuariensi
1048 2446 1324 2528 archiepiscopo,

374 2544 515 2622 direxit,
533 2548 729 2610 continetur
746 2565 961 2628 expressum.
1015 2544 1059 2608 In
1075 2545 1194 2627 primis
1210 2545 1322 2609 literis

371 2662 464 2725 papa
481 2644 591 2708 eidem
605 2646 656 2710 ita
671 2645 812 2724 scribit;

423 2749 432 2776 ‘
452 2741 560 2807 Novit
581 2744 751 2808 industria
767 2751 829 2808 tua
843 2763 947 2826 quam
962 2741 1151 2808 ferventem
1173 2745 1325 2826 disposi-

373 2841 501 2905 tionem
518 2842 610 2908 circa
626 2844 798 2925 regni'sui
818 2843 1101 2924 gubernationem
1119 2844 1323 2907 carissimus

372 2940 407 3003 in
431 2941 570 3007 Christo
601 2943 692 3006 filius
726 2951 845 3007 noster
867 2941 1054 3019 Henricus‚
1079 2941 1227 3006 illustris
1256 2963 1323 3007 rex

372 3039 579 3122 Anglorum‚
603 3042 792 3124 impendat,
815 3049 850 3104 et
871 3041 1029 3118 eandem,
1047 3048 1087 3104 ut
1112 3041 1243 3105 firmior
1259 3042 1324 3106 ha-

372 3140 506 3217 beatur',
524 3142 599 3205 vult
624 3141 831 3205 auctoritate
853 3140 1023 3203 Romanae
1045 3140 1199 3204 ecclesiae
1217 3143 1323 3206 roho·

372 3241 454 3316 rari,
470 3248 591 3322 petens
613 3248 654 3304 ut
675 3240 837 3321 antiquas
860 3239 957 3320 regni
979 3238 1032 3302 sni
1054 3240 1323 3304 consuetudines

372 3345 407 3401 ct
431 3338 619 3420 dignitates
650 3357 892 3403 conservemus
921 3337 1062 3402 illaesas.
1110 3337 1214 3415 Item,
1240 3360 1320 3403 cum

371 3435 558 3517 legationis
592 3436 740 3502 officium
778 3436 887 3503 totius
928 3437 1066 3518 Angliae
1106 3439 1321 3518 postulasset

372 3535 558 3600 instantius
596 3537 808 3601 Eboracensi
840 3536 1099 3618 archiepiscopo
1131 3537 1319 3618 indulgeri,

370 3644 557 3715 pensantes
581 3644 737 3718 tempora
761 3635 967 3717 periculosa,
988 3634 1175 3716 legationis
1200 3637 1321 3702 literas

406 3839 415 3871 ¹
427 3841 582 3892 Familiares.
594 3842 606 3905 ]
624 3842 655 3890 ln
666 3841 833 3891 Alexander's
857 3843 953 3892 deacon
963 3843 992 3891 ol
999 3842 1140 3905 Salisbury,
1150 3843 1174 3893 is
1185 3846 1284 3906 spoken
1295 3847 1324 3896 ol

370 3926 470 3960 answer
480 3916 505 3960 te
517 3911 617 3972 fleury,
627 3912 727 3973 printed
737 3913 764 3960 in
775 3911 831 3961 Ho-
856 3913 891 3973 by
902 3911 944 3960 the
955 3927 1020 3974 pepe
1033 3926 1062 3960 as
1073 3926 1121 3962 one
1134 3911 1164 3960 of
1176 3913 1219 3963 the
1236 3913 1320 3979 king's

370 3981 460 4040 voden,
476 3997 502 4041 p.
519 3985 577 4043 515,
592 3981 652 4042 they
669 3996 712 4030 are
732 3982 789 4029 said
805 3987 832 4029 to
856 3981 1066 4031 ambassadorsto
1076 3982 1144 4043 him;
1161 3998 1222 4045 epp.
1233 3985 1320 4038 lihiv.

369 4049 433 4098 have
440 4051 503 4098 been
510 4051 579 4099 John
588 4049 682 4100 (lumin
690 4049 739 4099 and
747 4050 831 4110 Ralph
857 4067 897 4112 ep.
909 4052 947 4100 iii.

369 4118 401 4166 de
419 4120 574 4170 Tamworth.
608 4120 742 4182 Reginam,
761 4120 833 4168 arch·
892 4115 1019 4188 ²Borra]
1036 4115 1145 4184 ‘Batti'
1164 4123 1197 4173 C.
1258 4186 1263 4195 ο
