2820 4882
306 395 350 460 52
563 410 696 458 nouum
721 409 769 456 nn
792 409 998 457 wunnovnn

146 584 269 625 annos.
308 568 575 652 archiepiscopis
590 568 759 633 catholice
769 568 952 633 institutis.
1008 567 1119 630 Facta
1131 573 1186 629 est
1201 584 1263 630 au·

146 634 251 725 mn·
308 677 378 733 tem
395 669 469 733 haec
488 670 703 733 consecratio
720 687 810 732 anno
826 669 920 750 regis
945 667 1058 731 sancti
1075 665 1263 729 Eadwardi

308 769 488 849 vigesimo,
499 769 688 833 indictione
704 767 836 832 decima
853 769 988 850 quinta,
999 767 1055 830 die
1066 765 1261 830 Dominica

409 945 459 1009 Dc
473 943 639 1009 uirtutibus
652 945 754 1008 sancti
774 944 912 1009 Wlstcnl
925 944 960 1007 iu
974 944 1161 1028 episcopatu.

363 1068 497 1134 Claruit
521 1069 629 1151 igitur
652 1071 774 1147 beatus
791 1068 974 1132 Wlstanus
997 1068 1032 1130 in
1058 1068 1263 1149 episcopatu

310 1169 547 1251 Wigorniensi
576 1170 675 1233 annis
699 1170 875 1244 tredecim,
907 1168 1110 1250 simpliciter
1136 1187 1178 1231 ac
1203 1168 1262 1249 pie

311 1269 472 1346 vivendo,
487 1270 672 1351 unicuique
689 1268 782 1350 quod
804 1287 905 1331 suum
927 1275 1003 1331 erat
1019 1268 1185 1344 tribuens,
1202 1286 1262 1330 us-

312 1388 380 1450 que
405 1370 441 1432 in
457 1376 614 1450 tempora
631 1369 721 1450 regis
736 1367 915 1443 Willelmi,
937 1368 1009 1449 qui,
1026 1365 1158 1448 Anglia
1179 1367 1262 1430 snb·

309 1467 446 1551 jugata,
472 1476 511 1533 ut
534 1469 736 1550 praedictum
761 1475 826 1543 est,
851 1466 997 1531 rebelles
1019 1467 1084 1529 sibi
1106 1486 1263 1549 quosque

313 1569 370 1631 vel
395 1587 416 1631 a
441 1588 548 1649 regno
574 1567 845 1650 proscripsisset,
870 1565 926 1629 vel
951 1567 1099 1630 vinculis
1129 1568 1262 1630 manci-

313 1675 443 1749 passet,
459 1668 515 1732 vel
541 1668 577 1729 in
603 1669 806 1732 servitutem
822 1674 857 1730 et
873 1673 1064 1730 extremam
1088 1667 1263 1730 miseriam

313 1767 519 1832 induxisset.
562 1766 643 1830 Rex
666 1765 805 1830 tandem
823 1765 1031 1842 Willelmus,
1047 1765 1089 1829 de
1112 1767 1264 1847 negotiis

313 1873 465 1930 tractare
496 1867 682 1949 disponens
711 1866 965 1943 ecclesiasticis,
997 1885 1088 1928 anno
1121 1866 1264 1930 Domini

314 1967 496 2032 millesimo
521 1966 777 2048 septuagesimo
795 1967 916 2048 quinto
934 1964 1016 2028 fecit
1034 1965 1125 2047 apud
1143 1965 1263 2029 West·

314 2068 559 2130 monasterium
575 2066 743 2150 synodum
758 2066 983 2146 congregari;
1003 2066 1058 2128 cui
1072 2066 1263 2147 praesidens

315 2165 542 2243 LanfrancuS,
574 2165 836 2229 cantuariensis
862 2165 1152 2247 archiepiscopus,
1183 2184 1262 2228 cum

314 2267 386 2329 suis
403 2266 630 2347 suffraganeis
645 2266 753 2347 coepit
765 2265 970 2346 corrigenda
992 2266 1177 2345 corrigere,
1193 2266 1263 2329 cle·

315 2364 394 2428 ricis
412 2367 516 2428 etiam
537 2373 572 2428 et
589 2365 766 2429 monachis
791 2364 1022 2427 honestiorem
1037 2365 1177 2428 vivendi
1192 2364 1264 2430 sor·

315 2483 407 2527 mam
422 2467 588 2546 praebere.
614 2463 720 2546 Apud
734 2465 825 2527 hunc
835 2464 1264 2547 archiepiscopumbentus

314 2562 498 2628 Wlstanus
526 2564 757 2646 simplicitatis
775 2571 810 2627 et
826 2563 1041 2627 illiteraturae
1065 2572 1263 2643 accusatus,

315 2671 351 2727 et
374 2665 473 2747 quasi
497 2665 599 2727 homo
627 2664 747 2740 idiota,
776 2664 835 2746 qui
859 2663 1013 2744 linguam
1043 2662 1264 2729 Gallicanam

315 2784 385 2827 non
410 2772 555 2828 noverat
584 2783 647 2826 nec
670 2764 775 2845 regiis
798 2762 949 2826 consiliis
974 2764 1141 2828 interesse
1164 2774 1264 2846 pote·

315 2871 382 2940 rat,
405 2865 481 2946 ipso
506 2884 588 2945 rege
611 2864 847 2927 consentiente
870 2871 905 2926 et
926 2863 991 2926 hoc
1016 2863 1181 2940 dictante,
1203 2865 1265 2929 de·

316 2963 466 3025 cernitur
496 2963 729 3044 deponendus,
781 2961 896 3043 Igitur
919 2961 1146 3040 LanfrancuS,
1171 2965 1265 3028 inter

316 3071 442 3126 caetera
458 3062 594 3126 concilii
611 3069 756 3139 statuta,
773 3062 884 3125 virum
901 3062 969 3126 Dei
982 3062 1183 3126 Wlstanum
1203 3065 1264 3149 ju·

315 3162 386 3239 bet,
405 3169 445 3225 ut
469 3163 631 3226 baculum
659 3182 736 3225 cnm
760 3162 888 3224 annulo
910 3163 1123 3243 resignaret3
1148 3171 1185 3227 at
1209 3167 1264 3229 vir

317 3261 457 3326 Domini
471 3262 666 3338 Wlstanns,
684 3281 746 3325 nec
765 3262 864 3325 vultu
881 3269 1034 3325 mutatus
1050 3281 1113 3325 nec
1133 3265 1264 3344 animo,

316 3363 428 3426 erexit
442 3381 479 3425 se
495 3369 530 3425 et
546 3363 681 3444 virgam
706 3361 916 3443 pastoralem
937 3381 1041 3424 manu
1061 3369 1184 3426 tenens
1210 3386 1265 3429 re-

315 3463 468 3543 spondit,
500 3461 638 3538 ‘Vere,’
666 3462 791 3543 inquit,
818 3460 978 3524 ‘domine
1007 3461 1054 3524 mi
1091 3463 1264 3547 archicpi-

315 3580 430 3643 scope,
455 3580 536 3625 vere
563 3561 647 3637 scio,
678 3561 759 3642 quia
789 3580 853 3625 nec
885 3561 950 3624 hoc
979 3561 1109 3624 honore
1135 3562 1263 3645 dignus

314 3680 403 3738 snm,
420 3681 482 3725 nec
501 3661 609 3740 oneri,
623 3679 686 3723 nec
701 3660 781 3724 huic
793 3658 966 3724 sufficiens
980 3661 1103 3738 labori,
1121 3653 1200 3726 ¹sed
1214 3673 1265 3743 tn,

348 3912 419 3968 ‘Sed
504 3921 647 3970 auctoritate
660 3920 774 3984 suscepi]
798 3921 916 3982 ignorans
938 3925 963 3970 et
980 3926 1032 3970 tuae
1054 3925 1201 3984 eanetaeque
1223 3942 1267 3989 sy·

313 3989 364 4038 ‘Et
380 4005 447 4039 nunc
463 3993 614 4052 pastoralem
631 3996 658 4040 tu
678 3992 774 4051 virgam
798 3992 857 4040 nodi
876 3992 1006 4040 sententiae
1020 3992 1112 4042 cedens
1128 3994 1263 4056 resignabo

312 4059 405 4121 exigis,
419 4075 495 4121 quam
508 4076 557 4109 non
573 4061 711 4121 tradidisti,
722 4061 774 4110 offi·
797 4061 925 4124 baculum,
936 4062 1042 4111 sednon
1058 4063 1113 4126 tibi,
1124 4063 1170 4112 sed
1181 4067 1206 4114 ei
1217 4082 1264 4129 po·

312 4129 380 4178 cium
388 4130 479 4180 adimis
490 4131 559 4192 quod
570 4147 619 4180 non
630 4132 773 4180 contulisti:
796 4133 848 4180 tius
867 4133 941 4194 cujus
960 4147 1018 4181 eum
1039 4135 1190 4183 auctoritate
1207 4151 1265 4188 sus-

311 4203 338 4248 et
345 4213 392 4261 ego
400 4201 501 4261 quidem
512 4201 713 4251 insufficientiam
725 4216 773 4249 non
784 4258 786 4274 Ι
796 4196 870 4263 cepi?
886 4203 951 4253 Dec.
963 4202 1067 4264 Seriptt.
1078 4203 1126 4254 col.
1137 4207 1196 4254 406.
