2820 4882
305 388 370 452 284
544 403 698 477 ¹nocem
727 404 773 450 nn
800 402 1004 452 wunnovnn

145 576 199 630 in,
211 578 268 615 nse.
304 567 340 623 et
357 561 407 622 s'ie
429 560 520 622 inter
538 577 598 622 eos
615 558 788 622 discordia
807 566 859 622 est
879 560 995 641 sopita
1012 578 1131 622 mense
1147 557 1170 622 J
1174 559 1258 623 ulio.

306 658 437 721 Eodem
467 676 558 721 anno
591 677 654 719 rex
692 656 820 720 Siciliae
849 657 1047 722 Willelmus
1080 659 1259 722 civitatem

298 758 438 820 -Barum
462 757 619 820 funditus
640 757 776 832 evertit,
797 755 941 820 Graecos
963 758 1153 839 superavit,
1176 757 1261 820 civi-

306 862 396 918 tates
415 863 451 918 et
465 855 609 919 castella
626 856 692 918 sibi
706 856 803 936 prius
827 856 946 919 ablata
961 856 997 918 in
1008 857 1069 940 jus
1092 876 1193 919 suum
1207 877 1259 919 re-

305 955 458 1029 vocavit,
474 975 551 1017 cum
578 973 670 1036 papa
696 950 854 1017 Adriano
876 974 998 1036 pacem
1020 955 1115 1031 fecit,
1136 968 1258 1019 conse-

305 1054 478 1116 crationes
498 1054 739 1135 episcoporum
766 1055 865 1133 regni
889 1055 943 1116 sui
967 1055 998 1117 ei
1025 1053 1257 1119 concedendo.

305 1151 404 1215 'l'unc
422 1151 577 1227 Alienos,
595 1151 715 1232 regina
727 1149 934 1232 Anglorum,
950 1155 1085 1235 peperit
1101 1155 1176 1236 regi
1191 1153 1256 1217 fili·

304 1270 375 1327 am,
390 1270 494 1332 quarn
513 1245 713 1313 ¹Matildem
730 1253 955 1335 nuncupavit.

319 1424 561 1511 Deproslplero,
579 1427 633 1512 qui
647 1425 801 1491 castitatis
815 1445 918 1506 umore
931 1424 1063 1509 seipsum
1078 1427 1240 1489 castravit.

358 1551 461 1615 Circa
472 1552 545 1616 dies
561 1554 648 1618 istos
663 1551 830 1615 heremita
845 1551 997 1633 quidam,
1009 1550 1063 1613 vir
1079 1548 1258 1612 modestus

307 1660 342 1714 et
364 1660 519 1728 sanctuS,
537 1653 574 1715 in
595 1651 767 1714 Hibernia
789 1671 858 1714 non
882 1651 986 1731 longe
1002 1667 1024 1712 a
1040 1649 1258 1730 purgatorio,

306 1750 433 1832 dequo
451 1751 688 1834 supradictum
705 1758 770 1827 est,
787 1751 824 1813 in
847 1751 924 1813 loco
941 1749 1077 1812 deserto
1094 1748 1258 1828 degebat,

308 1851 344 1913 in
367 1851 468 1934 cujus
489 1850 590 1915 horto
613 1851 707 1913 omni
730 1850 801 1912 fere
821 1855 922 1912 nocte
943 1848 1118 1911 daemones
1137 1848 1258 1911 visibi-

306 1950 386 2013 liter
407 1957 654 2024 convenerunt,
676 1957 711 2012 et
733 1949 852 2012 statim
881 1933 961 2030 post
984 1946 1067 2010 solis
1094 1965 1253 2010 occasum

307 2050 509 2130 congregati
526 2047 690 2130 placitum
705 2048 753 2111 ibi
768 2054 965 2124 tenuerunt,
976 2054 1058 2109 ante
1074 2046 1159 2108 solis
1175 2045 1256 2108 inde

308 2155 422 2211 ortum
450 2148 674 2226 recedentes;
707 2148 874 2211 rationem
901 2147 1041 2228 queque
1062 2146 1110 2208 ibi
1135 2145 1257 2208 redde-

307 2248 392 2311 bant
416 2247 588 2325 deemones
612 2248 758 2331 principi
783 2246 1042 2323 daemoniorum,
1067 2245 1149 2326 quid
1173 2244 1256 2307 mali

308 2345 452 2410 fecerint
477 2345 512 2411 in
539 2346 734 2409 hominibus
760 2345 980 2427 decipiendis,
1004 2363 1151 2426 quorum
1174 2363 1254 2407 con-

307 2445 538 2510 fabulationes
560 2446 694 2509 audivit
710 2447 764 2510 vir
784 2453 927 2509 sanctus
948 2443 1128 2507 manifeste
1144 2448 1180 2506 et
1197 2462 1255 2506 eo·

308 2563 383 2606 rum
407 2545 537 2626 figuras
557 2545 727 2608 deformes
753 2544 934 2608 visibiliter
959 2543 1154 2624 conspexit.
1197 2540 1255 2605 Ad

308 2645 435 2707 ostium
452 2644 585 2707 cellulae
601 2646 677 2728 ejus
695 2645 915 2718 conveniunt,
930 2643 1004 2718 sed,
1021 2642 1185 2723 quoniam
1200 2642 1254 2704 in-

308 2750 401 2806 trare
424 2763 493 2806 non
512 2751 670 2825 possunt,
692 2742 803 2806 nudas
827 2742 878 2804 illi
900 2760 993 2823 saepe
1013 2741 1174 2804 mulieres
1196 2760 1254 2804 os·

309 2841 476 2922 tendunt3
500 2843 618 2924 sicque
632 2843 673 2906 fit
685 2848 725 2905 ut
742 2841 909 2906 heremita
924 2841 994 2918 ille,
1009 2859 1072 2922 per
1087 2841 1254 2904 confabu-

308 2939 455 3005 lationes
480 2961 610 3019 eorum,
636 2941 744 3006 vitam
770 2941 864 3005 illius
890 2939 1041 3021 regionis
1066 2940 1253 3004 multorum

308 3039 484 3104 hominum
507 3049 706 3122 cognoscat.
741 3039 828 3104 Erat
851 3047 968 3105 autem
994 3039 1030 3102 in
1055 3040 1171 3120 patria
1192 3039 1254 3103 illa

307 3141 469 3204 sacerdos
493 3140 633 3222 quidam
664 3147 795 3204 sanctae
825 3140 908 3203 vitae
936 3140 971 3202 et
998 3138 1167 3215 honestae,
1192 3141 1253 3221 qui

309 3239 505 3320 parochiam
536 3242 691 3320 regebat,
722 3239 821 3324 cujus
847 3237 1059 3302 consuetudo
1092 3237 1186 3315 talis,
1215 3246 1255 3304 ut

306 3338 459 3419 quotidie
491 3357 592 3402 mane
624 3358 769 3420 surgens
797 3337 1030 3402 coemeterium
1059 3336 1257 3401 circumiret

307 3444 342 3500 et
369 3457 432 3519 pro
460 3438 640 3501 animabus
671 3439 838 3515 omniurn,
860 3456 1005 3518 quorum
1035 3435 1084 3498 ibi
1109 3456 1256 3519 corpora

306 3537 542 3616 quiescebant,
569 3544 702 3619 septem
727 3536 879 3619 psalmos
904 3537 1051 3600 devotus
1073 3543 1255 3618 cantaret3

306 3642 402 3698 caste
432 3644 600 3717 praeterea
630 3636 732 3712 vixit,
765 3641 801 3699 et
830 3636 930 3699 bonis
959 3634 1121 3716 operibus
1149 3645 1256 3718 atque

306 3742 436 3798 sanctae
448 3735 614 3798 doctrinae
627 3735 775 3798 sollicite
786 3735 938 3800 studium
954 3733 1135 3815 impendit.
1170 3735 1254 3799 Dae-

305 3853 423 3897 mones
439 3854 521 3897 vero
540 3835 576 3898 in
599 3833 744 3898 concilio
768 3853 832 3898 suo
854 3834 1055 3897 multotiens
1073 3836 1256 3915 conquesti

305 3939 388 3996 sunt
406 3933 448 3996 de
465 3954 519 4011 eo,
533 3933 624 4015 quod
641 3933 757 3997 nullus
773 3953 891 3998 eorum
909 3952 930 3995 a
946 3933 1125 4015 proposito
1140 3934 1255 4016 ipsum

339 4104 485 4157 1Mutildem
494 4110 516 4172 ,·]
534 4109 684 4159 afterwards
700 4124 764 4157 mar·
788 4109 831 4158 the
850 4110 923 4171 Lion,
943 4108 1013 4157 duke
1033 4108 1062 4157 of
1081 4109 1184 4172 Saxony
1202 4114 1252 4162 and

302 4177 357 4225 ried
370 4182 395 4225 to
408 4178 496 4239 Henry
504 4180 546 4228 the
557 4179 763 4243 fifth‚surnanred
790 4180 916 4241 Bavuria3
933 4178 978 4228 she
989 4178 1049 4228 died
1061 4179 1088 4227 in
1099 4184 1174 4231 1189.
