2820 4882
307 391 371 459 122
530 480 534 485 ¹
559 408 694 455 nocam
710 408 766 454 on
789 406 997 456 wanoovnn

146 584 268 626 unqua
307 565 525 647 campestria,
556 583 634 646 quae
667 583 690 627 a
719 564 861 629 civitate
894 563 1024 627 distare
1051 563 1260 630 videbantur

145 635 293 727 limile..
306 666 407 749 quasi
427 665 630 728 milliaribus
652 665 798 738 duobus,
813 672 849 729 et
865 664 1083 728 monentibus
1103 664 1200 730 lituis
1217 686 1258 730 ac

307 767 412 843 tubis,
440 766 663 847 buccinisque
691 765 999 847 perstrepentibus,
1022 765 1194 846 gradatim
1221 767 1259 830 in

306 867 424 930 hostes
451 865 655 949 procedunt,
682 873 729 942 et,
755 865 848 929 sacto
874 866 1018 948 impetu,
1038 873 1108 928 tres
1136 867 1258 947 primae

307 967 398 1030 acies
418 967 454 1029 in
479 985 539 1030 eos
564 972 725 1048 potenter
747 966 897 1043 irruunt,
921 965 1052 1028 lanceis
1075 972 1110 1028 et
1132 966 1258 1048 gladiis

307 1067 462 1130 cominus
494 1067 694 1144 instantes3
730 1066 794 1146 sed
822 1077 858 1129 et
887 1066 998 1129 nostri
1026 1066 1172 1147 pedites
1198 1069 1259 1150 qui

307 1168 455 1230 arcubus
473 1167 659 1230 utebantur
672 1172 707 1229 et
723 1165 871 1242 balistis,
887 1166 1042 1249 equitum
1062 1168 1258 1249 manipulos

306 1266 564 1348 praecedentes⁴
575 1264 723 1347 [hostes]
742 1285 859 1330 arcere
880 1265 1078 1343 studebant,
1094 1286 1182 1349 quos
1206 1287 1260 1331 se-

307 1374 452 1448 quentes
477 1367 631 1448 equitum
655 1376 776 1429 turmae
796 1364 942 1429 viriliter
960 1366 997 1429 in
1023 1384 1134 1447 agone
1155 1367 1258 1431 desu-

307 1465 402 1530 dant.
443 1466 599 1529 Tandem
615 1485 694 1529 cum
710 1486 828 1530 omnes
845 1465 1012 1547 legiones,
1027 1474 1174 1549 excepta
1194 1486 1257 1532 no-

306 1566 460 1642 vissima,
485 1567 541 1629 cui
567 1573 716 1649 praeerat
738 1565 974 1641 BoamunduS‚
996 1584 1074 1629 cum
1098 1567 1258 1632 hostibus

306 1667 443 1730 fortiter
459 1665 686 1743 decertarent,
701 1667 751 1729 ita
769 1673 818 1743 ut,
830 1666 905 1750 jam
923 1666 1078 1748 pluribus
1092 1667 1255 1732 interfec-

307 1766 365 1843 tis,
389 1786 488 1848 paene
514 1766 709 1847 agminibus
738 1766 916 1830 dissolutis
940 1766 1046 1830 Turci
1072 1768 1108 1831 in
1137 1767 1257 1850 fugam

307 1873 536 1944 verterentur,
554 1886 633 1930 ecce
650 1866 883 1942 Solimannus‚
906 1886 983 1930 cum
1003 1866 1137 1931 duobus
1154 1868 1258 1932 milli·

308 1967 373 2030 bus
392 1988 436 2031 ex
457 1967 541 2033 locis
558 1966 738 2030 maritimis
762 1967 961 2044 advenienS,
977 1967 1014 2031 in
1036 1968 1144 2031 aciem
1163 1968 1257 2032 Boa-

307 2068 426 2130 mundi
448 2068 525 2131 eum
549 2067 658 2130 multo
682 2067 813 2148 impetu
829 2086 850 2130 a
868 2074 966 2147 tergo
988 2067 1101 2144 irruit,
1121 2076 1157 2131 et
1178 2076 1256 2133 tan·

307 2173 379 2230 tam
397 2169 604 2249 sagittarum
620 2166 822 2248 grandinem
835 2167 989 2244 immisit,
1002 2173 1042 2230 ut
1057 2174 1167 2232 totam
1185 2169 1256 2233 fere

308 2268 416 2332 aciem
444 2268 616 2350 operirct3
644 2285 807 2348 moxque,
828 2267 978 2331 arcubus
1002 2266 1144 2345 relictis,
1169 2270 1256 2333 mal-

306 2366 370 2430 leis
389 2367 523 2431 instant
542 2375 578 2431 et
595 2365 720 2449 gladiis
735 2368 787 2430 ita
808 2367 980 2444 ardenter,
997 2373 1048 2444 ut,
1066 2388 1144 2431 cum
1163 2369 1256 2434 Boa-

306 2467 455 2530 mundus
490 2486 608 2531 eorum
640 2466 697 2531 vix
739 2467 905 2549 impetum
945 2468 1143 2546 sustineret,
1182 2469 1255 2534 dux

308 2565 517 2631 Godefridus
558 2573 594 2630 et
635 2586 713 2630 cum
753 2587 793 2630 eo
831 2566 1033 2631 Tancredus
1075 2569 1256 2647 advolant,

306 2686 452 2748 quorum
478 2668 648 2732 adventus
666 2674 701 2730 et
723 2666 925 2730 admiranda
945 2669 1114 2732 instantia
1136 2688 1256 2733 necem

307 2766 464 2830 hostibus
496 2774 531 2831 et
554 2767 699 2831 vulnera
726 2766 862 2830 letifera
887 2768 1089 2832 intulerunt.
1156 2769 1256 2835 Tunc

307 2866 539 2943 Solimannus‚
568 2868 612 2930 ad
640 2867 711 2930 alia
742 2886 779 2929 se
803 2875 1008 2932 convertens
1038 2878 1256 2950 argumenta,

290 2967 439 3043 ,foenum
468 2967 615 3030 multum
633 2975 668 3031 et
688 2966 864 3049 stipulam,
887 2987 966 3051 quae
988 2968 1033 3031 ad
1059 2975 1170 3032 artem
1192 2991 1256 3036 no-

307 3067 407 3131 cendi
423 3087 470 3130 ex-
486 3066 631 3131 adverso
649 3074 934 3148 congregaverat,
947 3068 1054 3152 jussit
1071 3071 1255 3150 succendi;

307 3174 354 3245 et,
370 3168 452 3232 licet
469 3167 642 3231 flammam
658 3166 782 3231 darent
799 3167 980 3245 modicam,
998 3175 1122 3231 tetram
1139 3176 1257 3235 tamen

308 3275 413 3350 atque
430 3267 572 3331 densam
592 3267 678 3331 furni
703 3266 885 3348 caliginem
908 3269 1158 3333 ministrarunt.
1212 3271 1257 3335 In

307 3368 372 3431 hac
405 3387 542 3450 quoque
571 3367 656 3432 fumi
683 3368 831 3449 caligine
862 3367 979 3432 hostes
1009 3368 1053 3431 de
1082 3368 1255 3451 peditibus

308 3469 435 3532 nostris
467 3467 666 3530 occiderunt
695 3467 892 3544 nonnullos,
920 3468 980 3532 sed
1008 3469 1147 3532 tandem
1171 3490 1256 3536 ven·

307 3575 420 3632 torum
444 3566 641 3631 moderator
665 3567 775 3644 Deua,
797 3576 940 3632 ventum
963 3569 1001 3632 in
1024 3588 1180 3652 paganos
1202 3591 1257 3635 re·

307 3675 484 3749 torquens,
509 3667 700 3730 excaecavit
726 3687 785 3731 eos
811 3667 854 3730 de
880 3668 974 3732 fumo
999 3668 1073 3746 illo,
1100 3670 1192 3733 unde
1218 3672 1254 3734 in

305 3767 424 3849 sugam
448 3767 645 3849 praecipites
665 3774 748 3831 sunt
765 3769 943 3847 conversi3
967 3787 1055 3850 quos
1081 3770 1255 3852 principes

305 3868 438 3931 militiae
463 3866 593 3931 Christi
619 3868 745 3930 acriter
772 3869 1005 3950 insequentes,
1030 3868 1074 3931 ad
1099 3888 1163 3933 sua
1192 3889 1255 3954 ag-

305 3969 398 4030 mina
429 3968 527 4049 prius
559 3966 730 4031 dissoluta
753 3968 925 4032 violenter
952 3988 1127 4033 recurrere
1160 3990 1254 4034 com-

303 4066 477 4148 pulerunt,
495 4067 667 4132 caedentes
687 4087 747 4131 eos
767 4069 899 4152 absque
926 4068 1056 4151 pietate
1076 4089 1187 4152 usque
1210 4071 1254 4134 ad

302 4186 421 4230 eorum
447 4169 609 4245 tentoria,
640 4168 698 4232 ubi
723 4168 889 4253 majorem
917 4188 1057 4234 suorum
1081 4169 1255 4235 fortitudi-
