2820 4882
307 364 352 431 88
566 380 700 428 uocatu
725 378 772 427 oe
795 376 1002 428 wenoovns

109 533 111 538 ’
147 558 202 597 nu.
213 556 270 597 1097.
309 545 425 601 mento
446 537 624 602 confossos
648 538 858 621 prostravit3
885 537 969 601 tunc
995 536 1130 599 animus
1157 535 1261 598 rediit

145 607 295 699 ἶῖῗέῗὶἰῖἕ...
311 637 530 715 Christianis,
550 657 737 720 pugnaque
760 639 966 720 gravissima
982 637 1211 700 committitur
1228 642 1263 698 et

310 723 491 800 horrenda.
545 737 636 802 Caesi
657 744 739 802 sunt
756 739 791 800 iu
808 737 869 802 illo
887 737 1051 800 conflictu
1072 735 1115 798 de
1132 735 1262 798 nostris

310 837 379 900 duo
404 837 576 919 principes
592 859 600 917 ;
633 857 713 900 nam
729 836 939 914 WillelmuS,
955 834 1126 899 Tancredi
1141 834 1262 911 frater,

310 937 392 999 dum
408 957 525 1018 regem
542 937 713 1019 quendam
730 935 924 1000 Turcorum
939 936 1060 998 lancea
1074 934 1262 1015 transfigit,

310 1036 464 1119 ejusdem
477 1037 569 1117 regis
586 1036 709 1100 lancea
723 1037 937 1119 perforatur3
955 1033 1165 1099 Godesridus
1176 1053 1263 1117 quo-

310 1154 376 1217 que
401 1137 443 1199 de
462 1135 597 1213 Monte,
619 1135 701 1198 dum
719 1143 825 1218 caput
843 1135 1023 1218 cujusdam
1041 1134 1169 1217 pagani
1186 1138 1261 1196 am-

310 1241 422 1317 putat,
439 1236 570 1317 sagitta
591 1235 807 1318 perforatum
836 1237 973 1311 tertius,
989 1229 1262 1298 ¹Parisiaoensis

312 1335 498 1411 Robertus,
530 1335 649 1399 eodem
681 1336 802 1398 mortis
835 1354 962 1416 genere
988 1335 1097 1399 vitam
1123 1332 1260 1398 finivit:

310 1434 508 1497 ceciderunt
529 1442 647 1498 antem
671 1436 707 1498 in
728 1434 794 1497 hoc
816 1435 979 1498 conflictu
1001 1434 1044 1497 ad
1066 1433 1135 1496 duo
1152 1433 1263 1496 milha

310 1534 581 1615 peregrinorum,
606 1535 843 1599 deficientibus
869 1535 1063 1615 agminibus
1092 1540 1127 1597 et
1150 1533 1186 1594 in
1208 1533 1264 1596 fu-

310 1652 389 1713 gam
410 1634 605 1715 compulsis.
658 1634 727 1698 Sed
744 1653 821 1697 cum
839 1634 888 1696 sic
904 1632 1096 1696 afficeretur
1111 1632 1262 1714 populus

312 1730 542 1810 Christianus
576 1752 655 1797 ecce
693 1733 781 1797 alius
811 1732 996 1810 exercitae,
1024 1752 1125 1816 quem
1161 1732 1263 1795 duee

309 1831 372 1894 bat
401 1831 472 1898 dux
499 1831 722 1909 Godeiridus,
749 1852 828 1896 curn
853 1832 1085 1916 quadraginta
1110 1830 1263 1896 millibus

311 1939 534 2009 armatorum,
559 1933 619 2015 qui
642 1952 760 1996 omnes
787 1933 912 1996 acriter
940 1933 976 1995 in
1006 1933 1096 1995 acies
1127 1931 1264 1996 irruunt

310 2050 552 2112 perversorum
574 2039 609 2096 et
633 2032 798 2096 atrociter
829 2033 915 2096 satis
948 2037 984 2094 et
1016 2032 1170 2095 animose
1203 2031 1264 2095 de·

312 2137 496 2209 certantes,
526 2131 608 2194 dum
640 2130 746 2195 Turei
778 2130 933 2195 infideles
966 2138 1019 2195 tot
1053 2131 1170 2194 hostes
1203 2149 1263 2195 su·

311 2233 508 2311 pervenisse
529 2232 769 2314 conspiciunt,
805 2232 906 2314 qnasi
935 2230 1056 2294 caelum
1089 2249 1265 2313 superse

313 2330 482 2394 ruiturum
509 2337 757 2414 expavescunt,
787 2351 864 2394 cum
892 2332 978 2395 duce
1006 2351 1069 2394 suo
1091 2331 1264 2395 Sohman·

314 2448 360 2491 no
391 2431 588 2512 praesidium
614 2431 707 2513 fugae
737 2439 945 2512 capessunt3
978 2450 1064 2514 quos
1090 2430 1263 2512 fugientes

314 2527 503 2592 Christiani
517 2537 626 2595 >tanta
650 2539 903 2613 persequuntur
929 2531 1109 2608 instantia,
1136 2538 1176 2595 ut
1201 2550 1264 2613 per

313 2635 463 2710 quatuor
483 2630 645 2694 milliaria
666 2631 758 2694 ultra
784 2651 903 2694 eorum
929 2637 1045 2695 castra
1064 2631 1264 2694 continuam

313 2737 538 2809 operarentur
563 2750 607 2794 ex
630 2731 679 2794 eis
702 2737 867 2812 stragem,
891 2737 927 2794 et
952 2731 1109 2813 captivos
1132 2749 1264 2808 omnes,
1323 2778 1324 2783 η

313 2847 400 2909 quos
428 2827 534 2892 Turci
559 2837 735 2912 ceperant,
758 2831 973 2907 reducentes
996 2830 1040 2894 ad
1065 2837 1182 2894 castra
1205 2850 1265 2894 eo·

313 2947 389 2989 rum
412 2936 493 2992 sunt
521 2931 671 3010 reversi3
696 2932 755 2994 ubi
777 2932 986 3012 reperientes
1012 2932 1148 3013 copiam
1172 2931 1261 3007 auri,

314 3028 462 3108 argenti,
496 3029 733 3112 jumentorum
771 3033 849 3094 cum
887 3031 1061 3112 gregibus,
1100 3031 1264 3094 armentis

315 3133 350 3189 et
372 3127 579 3192 victualibus
609 3130 765 3206 infinitis,
792 3130 947 3193 collectis
974 3130 1206 3211 papilionibus
1229 3136 1265 3193 et

315 3228 484 3304 tentoriiS,
518 3230 616 3310 equis
655 3229 786 3311 pariter
815 3237 850 3292 et
889 3229 1042 3305 camelis,
1072 3230 1108 3292 in
1146 3235 1263 3293 castra

313 3327 454 3408 propria
482 3334 565 3391 sunt
594 3329 735 3393 reversi.
794 3328 969 3392 Cecidisse
1000 3336 1125 3392 autem.
1142 3329 1263 3392 dieun-

314 3431 372 3487 tur
396 3429 438 3488 ea
470 3427 525 3490 die
551 3428 593 3491 de
620 3448 762 3492 numero
791 3427 955 3505 hostium,
982 3435 1017 3492 et
1047 3428 1139 3511 apud
1169 3447 1264 3507 suos,

313 3525 466 3588 virorum
494 3529 687 3608 potentium
711 3521 775 3591 ²ad
803 3529 871 3591 tria
901 3528 1020 3592 milha.
1058 3527 1187 3592 Actum
1212 3537 1265 3593 est

349 3680 544 3734 ¹Parisiacensis
550 3685 670 3735 liebertus
675 3683 699 3754 ;]
712 3702 774 3749 sup·
836 3683 892 3735 ΞΔιὶ
900 3687 950 3736 trin
959 3687 1060 3750 millia]
1071 3688 1124 3736 The
1131 3689 1232 3749 princes
1240 3690 1270 3739 ot'

312 3752 392 3814 posed
402 3758 428 3803 to
439 3754 503 3804 have
512 3755 574 3804 been
582 3755 625 3804 the
634 3771 703 3806 same
710 3757 774 3806 with
800 3756 843 3804 the
849 3757 989 3806 Crusaders
997 3756 1092 3806 intheir
1098 3758 1266 3818 publicletter

313 3822 365 3871 him
374 3824 432 3873 who
441 3824 493 3872 had
505 3824 590 3874 before
602 3827 737 3887 presumed
748 3832 774 3876 to
800 3830 826 3875 to
838 3827 950 3888 Europe,
965 3842 998 3876 on
1014 3826 1056 3876 the
1075 3832 1161 3877 events
1176 3827 1207 3877 of
1220 3829 1264 3879 the

312 3893 407 3942 ascend
416 3893 459 3942 the
467 3894 555 3944 throne
563 3896 613 3945 and
626 3897 699 3958 place
711 3897 774 3945 him·
800 3911 863 3958 war,
874 3901 952 3946 wrote
972 3896 1027 3945 that
1044 3897 1122 3958 thirty
1138 3898 1266 3947 thousand

313 3962 363 4010 seli
371 3963 405 4023 by
413 3963 456 4012 the
468 3964 523 4013 side
535 3965 563 4013 ol
568 3966 686 4017 Alexius.
723 3967 774 4015 His
799 3965 884 4014 Turks
899 3981 967 4015 were
983 3966 1064 4016 killed
1079 3968 1106 4015 in
1122 3967 1164 4016 the
1181 3970 1266 4017 action

312 4031 420 4080 deatbis
431 4034 551 4082 recorded
563 4036 589 4083 in
600 4035 642 4084 the
653 4038 773 4086 Alexiad.
800 4036 851 4084 and
873 4036 943 4085 three
964 4036 1090 4086 thousand
1113 4037 1265 4089 Christiana

310 4102 359 4152 See
373 4101 484 4166 Gibbon,
496 4104 532 4155 xi.
544 4120 570 4167 p.
583 4109 625 4170 50,
635 4111 699 4159 note.
801 4106 926 4169 Martene,
947 4107 1016 4156 Vett.
1046 4108 1149 4169 Scriptt.
1177 4109 1265 4171 Ampl.

799 4175 864 4226 Coll.
875 4176 894 4226 i.
906 4180 964 4226 568.
