2820 4882
433 416 573 465 anonas
597 417 867 466 ursuorunauu.
1057 403 1124 468 339

166 574 327 655 ingeni03
355 582 390 638 et
415 575 537 640 reddat
563 577 662 640 nobis
684 576 864 640 ecclesiam
889 575 1118 640 Cantuarien-
1133 606 1254 649 nune.

170 692 242 736 sem
268 675 304 737 in
333 694 375 738 ea
396 676 610 757 plenitudine
634 684 670 740 et
695 676 867 752 libertate,
891 677 927 738 in
950 695 1019 758 qua
1043 697 1119 741 eam

168 773 290 838 melius
313 774 495 840 babuimus
522 784 707 858 postquam
734 776 818 840 sacti
840 795 959 839 sumus
985 776 1118 841 archie-

167 873 343 956 piscopus,
366 883 402 939 et
422 894 540 941 omnes
561 876 796 958 possessiones
814 895 900 958 quas
922 876 1117 955 babuimus,

167 973 212 1036 ad
239 973 432 1039 babendum
462 983 497 1040 et
521 976 706 1040 tenendum
731 976 781 1040 ita
807 975 913 1040 libere
942 983 977 1039 et
1000 977 1116 1057 quiete

167 1080 204 1135 et
222 1072 420 1151 honorifice,
438 1075 529 1139 siout
545 1075 692 1140 ecclesia
709 1084 744 1139 et
762 1094 883 1140 nesea
900 1075 1040 1138 liberius
1055 1075 1114 1139 ba-

166 1171 303 1238 buimus
319 1181 355 1239 ct
367 1175 552 1250 tenuimus,
567 1183 753 1257 postquam
767 1176 804 1262 in
818 1175 1113 1257 archiepiscopum

164 1273 315 1352 promoti
331 1293 460 1349 sumus,
476 1282 513 1338 et
531 1275 689 1340 similiter
701 1275 860 1339 omnibus
878 1275 1017 1350 nostris,
1035 1295 1113 1339 cnm

163 1372 318 1437 ecclesiis
329 1374 486 1440 omnibns
499 1382 536 1438 et
552 1374 745 1456 praebendis
757 1374 800 1438 ad
816 1374 1112 1456 archiepiscopum

164 1472 429 1552 pertinentibus,
456 1493 534 1556 quae
559 1481 773 1543 vacaverunt
794 1481 977 1556 postquam
1001 1474 1113 1540 exivi-

163 1588 240 1634 mus
258 1572 302 1635 de
319 1579 423 1651 terra,
440 1581 478 1637 ut
498 1573 666 1637 faciamus
688 1572 731 1636 de
753 1572 815 1649 eie,
838 1574 928 1637 sicut
950 1574 1110 1638 derebus

162 1673 303 1748 nostris,
315 1680 419 1754 prout
435 1673 534 1736 nobis
543 1673 713 1754 placuerit
727 1679 762 1736 et
779 1669 929 1737 nostris?
952 1672 1032 1736 Rex
1048 1693 1110 1738 au-

162 1777 232 1832 tem
247 1769 441 1853 Anglorum
456 1772 590 1837 duobus
611 1772 767 1836 articulis
782 1792 849 1836 non
865 1772 1005 1854 plenum
1022 1792 1109 1854 prae-

160 1869 237 1934 buit
265 1889 456 1948 assensum,
479 1891 548 1935 non
578 1872 669 1937 enim
699 1872 837 1936 nomine
867 1871 1110 1949 restitutionis,

161 1987 239 2032 cum
259 1970 555 2053 archiepiscopum
579 1991 648 2035 non
667 1971 851 2053 expulerit,
869 1971 976 2054 juxta
998 1969 1108 2051 digni·

161 2075 270 2134 tatem
287 2071 387 2152 regni
408 2072 462 2137 sui
475 2071 661 2153 quicquam
683 2070 818 2136 solvere
835 2072 1028 2147 tenebatur,
1044 2090 1108 2136 nec

159 2170 359 2235 vacaan
390 2170 611 2235 eeclesiarum
644 2171 891 2253 possessiones,
920 2189 1007 2252 quas
1032 2169 1107 2253 jam

159 2271 263 2334 certis
283 2269 425 2334 dederat
442 2271 611 2353 personis,
628 2272 664 2335 in
682 2271 819 2336 irritum
840 2289 1022 2349 revocare;
1046 2270 1108 2335 sed

159 2387 275 2433 coram
301 2389 382 2451 rege
410 2370 635 2448 Francorum,
659 2378 698 2435 ut
724 2372 912 2446 asserebat,
939 2369 1106 2452 archiepi-

158 2488 265 2551 scopo
293 2469 496 2534 satisfacere
523 2479 667 2554 paratus
698 2478 785 2548 erat,
813 2470 882 2546 vel,
904 2469 935 2532 si
967 2477 1106 2534 conten-

157 2567 239 2632 dere
252 2569 369 2646 vellet,
379 2569 549 2653 judicium
566 2570 603 2635 in
620 2572 750 2653 palatio
768 2569 956 2635 Parisiensi
977 2569 1104 2645 subire,

157 2666 343 2733 Gallicana
371 2669 517 2733 ecclesia
544 2671 741 2754 imponente
769 2676 886 2752 partes
916 2688 1010 2746 suas,
1043 2688 1105 2732 seu

156 2768 370 2834 scholaribus
387 2769 601 2836 diversarum
619 2769 873 2852 provinciarum
890 2788 990 2851 aequa
1005 2767 1105 2834 lance

156 2870 333 2949 negotium
358 2871 648 2943 examinantibus
668 2876 704 2933 et
722 2869 773 2934 ita
795 2888 857 2934 rex
874 2866 1025 2950 Angliae,
1043 2868 1104 2949 qui

156 2967 252 3048 prius
278 2968 394 3033 odium
417 2969 453 3033 in
478 2989 516 3032 se
543 2969 767 3050 plurimorum
793 2967 1019 3043 conflaverat,
1041 2986 1103 3047 per

154 3066 231 3130 baec
244 3069 351 3132 verba
359 3069 541 3150 plurimum
555 3067 701 3150 adeptus
719 3074 772 3130 est
783 3067 953 3145 savorem3
971 3066 1101 3147 itaque,

155 3166 385 3231 mediantibus
408 3166 539 3244 amicis,
566 3168 603 3230 in
625 3166 898 3249 qualemcunque
922 3165 1101 3230 concordi-

154 3285 211 3334 am
228 3268 471 3331 convenissent
488 3285 551 3331 rex
567 3272 602 3329 et
618 3265 909 3348 archiepiscopus
925 3263 992 3328 nisi
1009 3263 1101 3345 quod

153 3359 235 3431 rex¹
260 3367 417 3433 osculnm
437 3366 534 3449 pacis
555 3365 638 3430 dare
664 3365 923 3447 archiepiscopo
946 3363 1100 3446 negavit,

152 3473 297 3547 paratus
314 3485 450 3530 omnem
467 3465 572 3530 aliam
594 3465 814 3534 securitatem
836 3469 1022 3547 praestare;
1046 3482 1101 3526 ar-

151 3565 392 3648 chiepiscopus
408 3572 525 3632 autem
541 3583 662 3646 pacem
677 3564 764 3627 inire
779 3564 903 3640 noluit,
920 3562 986 3630 nisi
1001 3562 1101 3628 firma

151 3673 271 3746 posset
289 3665 480 3729 stabilitate
502 3665 666 3746 gaudere.

186 3864 265 3914 ¹Rerc
283 3867 389 3916 mutum
406 3901 413 3916 .
432 3901 439 3915 .
457 3901 464 3916 .
482 3865 612 3928 negauit]
636 3863 710 3913 After
727 3863 778 3912 this
796 3863 866 3912 there
885 3877 953 3911 were
972 3863 1041 3911 three
1061 3862 1100 3909 in·

150 3935 276 3999 Compare
290 3936 332 3985 the
347 3941 454 3985 account
464 3936 493 3984 of
505 3935 556 3983 this
569 3950 612 3984 ne·
637 3935 755 3983 terriews
771 3933 886 3982 between
907 3932 950 3980 the
968 3931 1030 3992 king
1049 3929 1099 3978 and

150 4006 281 4068 gotiation,
299 4020 327 4054 as
342 4006 364 4053 it
378 4020 437 4068 may
449 4008 480 4054 be
491 4004 613 4068 gutbered
639 4003 745 4063 Becket,
766 4002 876 4063 namely,
897 4004 924 4051 at
946 3999 1102 4062 Monmirail,

149 4075 213 4124 from
237 4076 280 4125 the
302 4075 388 4123 letters
404 4075 434 4123 oi
448 4075 546 4124 Beolret
562 4075 612 4123 and
638 4073 768 4134 Fretville,
784 4071 834 4120 and
846 4071 982 4131 Amboise3
998 4070 1101 4134 Diaeta,

148 4145 310 4207 thelegotes,
324 4145 370 4192 lib.
385 4145 423 4194 iii.
439 4160 499 4206 epp.
510 4145 612 4193 lx.-lxv.
637 4144 685 4192 col.
697 4147 754 4192 552.

149 4215 212 4263 with
240 4214 282 4263 the
307 4213 490 4277 Quadrilogus,
511 4230 537 4274 p.
557 4218 613 4264 101.

928 4283 975 4328 zi
