2820 4882
177 573 235 615 An.
245 574 302 613 1179.

178 624 236 664 Viuit
244 624 268 664 ol

178 674 244 717 nera
252 673 303 714 vn.

178 729 202 764 to
210 723 309 764 Becket's

179 775 246 816 torno.

340 383 406 449 398
597 397 731 446 uocum
755 397 802 444 nn
825 395 1033 446 wnunovnn

341 555 494 622 solennis
521 554 697 640 processio
726 555 764 619 in
793 553 884 619 tanti
908 554 1096 618 adventum
1126 553 1295 638 principis

341 657 507 741 majorem
536 654 720 721 ecclesiam
747 655 949 719 illustravit.
1002 653 1183 732 Quantum
1216 655 1294 718 auri

342 757 398 822 vel
433 756 569 838 argenti
598 754 792 820 Gallicanae
823 753 998 819 nobilitati
1025 773 1088 817 rex
1117 752 1294 818 Henricus

341 855 539 933 contulerit,
556 863 794 938 quantumque
809 854 845 918 in
862 854 957 918 vasis
973 859 1009 918 et
1026 853 1198 937 lapidibus
1215 874 1295 936 pre·

342 957 442 1020 tiosis
456 975 576 1019 omnes
591 955 788 1031 honoravit,
803 973 881 1018 cum
896 973 967 1018 non
982 953 1099 1038 sitqui
1111 953 1178 1017 hoo
1193 955 1295 1030 sciat,

343 1055 433 1120 desit
448 1056 508 1139 qui
523 1054 664 1119 scribat.
711 1052 859 1118 Centum
872 1052 944 1117 vini
959 1053 1092 1117 modios
1107 1073 1170 1117 rex
1186 1053 1295 1117 Fran-

344 1175 460 1220 corum
470 1155 650 1218 annuatim
665 1154 702 1217 in
717 1160 922 1236 perpetuum
935 1153 1091 1217 Parisios
1108 1153 1295 1217 solvendos

344 1257 389 1320 ob
404 1255 632 1320 reverentiam
655 1254 818 1337 martyris
841 1253 983 1335 gloriosi
1000 1253 1037 1316 in
1056 1271 1140 1316 usus
1157 1253 1296 1336 collegii

345 1355 605 1420 cantuariensis
636 1354 819 1418 convertit.
872 1352 953 1417 Rex
980 1360 1097 1418 autem
1118 1352 1295 1417 Henrieus

345 1474 450 1536 gazas
467 1455 575 1518 totius
593 1453 691 1535 regni
713 1453 780 1530 sui,
802 1460 838 1516 ct
854 1451 1022 1535 ¹quicquid
1045 1453 1120 1537 ipse
1141 1460 1177 1517 et
1198 1460 1297 1518 ante·

345 1573 499 1618 cessores
521 1553 598 1638 ejus
615 1553 651 1616 in
667 1552 798 1617 divitiis
819 1560 1078 1634 congesserant,
1088 1549 1168 1634 regi
1185 1552 1297 1617 Fran-

346 1673 464 1718 corum
490 1660 526 1717 et
551 1653 625 1716 suis
650 1641 834 1736 exposuit;
872 1652 947 1729 sed,
972 1671 1017 1716 nc
1046 1652 1174 1717 Franci
1201 1652 1298 1717 alind

347 1772 451 1836 qnam
481 1759 668 1836 martyrem
694 1752 861 1834 quaesisse
882 1753 1094 1831 viderentur,
1115 1772 1255 1817 manum
1276 1771 1298 1817 a

347 1871 487 1928 munere
502 1852 714 1929 cohibentes,
730 1852 933 1935 martyrium
948 1851 1095 1916 forsitan
1109 1873 1154 1916 ex
1169 1853 1298 1918 oblatis

346 1954 565 2038 pertulerunt
579 1953 615 2016 in
632 1959 760 2017 mente.
812 1952 869 2016 Sic
889 1972 952 2015 rex
970 1953 1196 2029 Francorum,
1218 1972 1298 2017 cnm

347 2055 384 2117 in
399 2054 541 2136 vigiliis,
560 2052 703 2136 jejuniis
726 2059 762 2116 et
783 2052 998 2116 orationibus
1014 2051 1214 2117 Cautuariae
1235 2054 1298 2117 tri·

349 2153 456 2217 duum
478 2153 719 2235 complevisset
745 2159 780 2216 ct
801 2152 944 2216 xeniola
964 2151 1123 2235 quaedam
1146 2170 1257 2235 parva
1279 2172 1301 2218 a

348 2273 431 2336 rege
445 2252 640 2336 Anglorum
664 2253 701 2316 in
726 2252 863 2334 signum
880 2251 1074 2316 dilectionis
1096 2253 1300 2335 accepisset,

349 2354 497 2436 septimo
519 2351 687 2417 kalendas
709 2351 922 2434 Septembris
943 2351 987 2414 ad
1009 2351 1163 2416 Galliam
1184 2359 1300 2417 trans-

348 2453 502 2518 fretavit.
555 2452 686 2516 Eodem
717 2469 810 2515 anno
841 2450 1015 2533 Rogerus,
1045 2450 1301 2535 wigorniensis

350 2553 545 2636 episcopus,
563 2552 650 2617 obiit
664 2551 787 2635 quinto
803 2550 882 2614 idus
896 2550 1061 2634 Augusti.

350 2723 401 2788 Da
414 2722 544 2788 canalio
560 2725 665 2788 Bonna
680 2721 795 2803 labdo,
805 2723 989 2810 presidente
1001 2745 1094 2811 popo
1109 2724 1302 2793 Ahmadan

403 2847 534 2913 Eodem
547 2868 638 2914 anno
651 2849 807 2914 habitum
822 2856 876 2914 est
890 2849 1014 2914 Romae
1030 2843 1229 2915 ¹concilium
1245 2872 1303 2934 gc-

190 2927 281 3007 mui¹c⁸¹f
352 2947 468 3012 ncrale
488 2955 719 3015 trecentorum
746 2957 782 3014 et
804 2950 921 3014 decem
947 2950 1187 3033 episcoporum
1210 2952 1303 3017 deci·

351 3069 409 3113 mo
426 3056 550 3131 quarto
569 3048 737 3113 kalendas
757 3048 890 3133 Aprilis
909 3050 947 3113 in
967 3049 1178 3132 patriarchio
1197 3051 1303 3117 Late-

352 3150 504 3227 ranensi,
531 3150 587 3214 cui
612 3149 776 3231 praesedit
800 3149 960 3214 dominus
985 3169 1079 3232 papa
1101 3149 1304 3218 Alexander

336 3249 489 3342 tertius,
506 3250 606 3333 cujus
628 3257 762 3314 statuta
785 3250 878 3313 omni
896 3249 999 3313 laude
1019 3249 1222 3332 dignissima
1237 3254 1304 3317 sub

353 3349 478 3431 viginti
500 3358 590 3426 octo,
612 3369 691 3433 quae
716 3356 917 3432 sequuntur,
941 3349 1103 3433 capitulis
1123 3353 1304 3417 continen-

353 3455 431 3514 tur:
455 3449 510 3513 De
527 3451 695 3514 electione
708 3449 833 3513 summi
846 3450 1039 3533 pontificis3
1062 3450 1118 3514 De
1132 3450 1306 3518 haereticis

353 3547 607 3631 Albegensibus
629 3558 665 3614 ct
688 3549 834 3614 diversis
853 3568 973 3614 eorum
992 3550 1304 3634 appellationibus3

353 3649 409 3713 De
426 3650 590 3732 ruptariis
604 3658 640 3714 et
656 3650 853 3715 Brebantiis
867 3650 1100 3732 praedonibus,
1111 3651 1172 3735 qui
1185 3652 1305 3718 fideles

354 3748 532 3830 affligunt;
564 3749 667 3828 Quod
696 3750 810 3814 nullus
836 3758 1082 3833 promoveatur
1102 3751 1139 3814 in
1171 3754 1307 3836 episco-

353 3868 436 3932 pum
454 3850 511 3914 vel
530 3849 574 3914 ad
595 3849 745 3933 aliquem
767 3850 898 3915 ordinis
923 3851 1081 3932 gradum,
1102 3851 1169 3915 nisi
1187 3853 1304 3936 legiti-

353 3969 418 4014 mae
436 3950 483 4014 sit
503 3951 617 4014 aetatis
634 3958 670 4015 et
690 3949 732 4014 de
749 3950 906 4032 legitimo
923 3951 1142 4019 matrimonio
1163 3971 1305 4037 suscep·

386 4120 395 4154 ¹
409 4123 571 4188 corollam]
587 4125 641 4175 'l'he
659 4125 827 4188 proceedings
842 4126 871 4176 of
886 4125 937 4175 this
957 4126 1057 4176 council
1074 4140 1118 4176 are
1133 4127 1161 4176 in
1177 4127 1308 4194 Harduin,

350 4198 410 4244 tom.
421 4194 456 4245 vi.
467 4200 533 4256 part.
544 4195 573 4247 ii.
584 4196 633 4246 col.
641 4199 715 4246 1671.
1014 4238 1017 4242 .
