2820 4882
351 360 416 427 146
604 377 741 425 uocum
765 378 813 425 ns
837 375 1044 427 wuunovuu

189 553 313 593 numo.
352 534 503 598 consilio·
528 542 563 599 et
591 535 840 603 certificatione
872 533 940 600 Dei
974 535 1067 618 regis
1104 533 1303 615 acciperent

186 603 339 696 lll'lll'ssle.
351 635 510 712 electum,
529 642 569 698 ut
584 637 642 718 qui
657 638 764 700 tantis
785 637 969 701 sudoribus
991 644 1028 700 et
1048 633 1210 718 periculis
1228 631 1300 695 hae-

351 734 482 798 reditas
499 735 628 800 Christi
644 736 850 814 salvaretur,
862 738 1014 820 juratur,
1029 743 1069 800 ut
1086 753 1188 817 quem
1203 731 1300 795 Deus

351 833 506 914 eligeret,
526 853 645 898 omnes
667 844 877 917 acceptasse.
909 829 1084 899 ¹Traditis
1099 835 1207 915 igitur
1223 851 1303 894 cum

352 935 402 997 eis
415 936 475 997 uui
490 935 546 1019 eui
563 935 756 1017 principum
774 936 838 999 sub
857 936 997 1012 lumine,
1020 941 1060 998 ut
1082 953 1183 1017 quem
1203 932 1302 995 Deus

352 1034 494 1115 eligeret
511 1053 573 1116 per
586 1036 676 1097 cerei
699 1036 948 1113 accensionem,
970 1036 1015 1097 ab
1037 1035 1195 1098 omnibus
1216 1050 1302 1095 sane

351 1152 415 1196 rex
432 1134 693 1197 acclamaretur.
722 1134 864 1198 Electus
881 1141 916 1198 et
932 1135 1003 1197 dux
1020 1133 1303 1198 Normauncrum

352 1231 528 1297 Robertus
542 1253 642 1296 suum
658 1233 713 1296 cui
730 1253 912 1298 accensum
929 1234 1019 1298 clam
1035 1231 1245 1297 extinxisset
1265 1238 1303 1294 et

351 1331 554 1397 electionem
577 1333 619 1396 de
642 1351 679 1396 se
702 1332 867 1397 divinitus
889 1333 1017 1397 factam
1044 1331 1227 1396 infeliciter
1248 1349 1303 1393 re-

351 1431 490 1509 tutavit,
515 1452 670 1514 sperans,
693 1431 880 1509 affirmans,
908 1450 946 1496 se
972 1432 1084 1497 adhuc
1111 1433 1147 1495 in
1168 1429 1302 1512 Anglia

354 1574 390 1596 ..
411 1579 446 1596 ..
470 1532 569 1596 litate
598 1551 744 1614 regnare
773 1533 955 1596 delicatius
987 1543 1224 1614 regnaturum,
1258 1530 1303 1594 de

352 1648 421 1712 quo
438 1651 546 1713 regno
563 1650 600 1695 se
616 1679 624 1695 .
643 1678 650 1692 .
671 1680 678 1696 .
699 1679 707 1695 .
760 1631 831 1710 Qui
846 1651 964 1696 omnes
979 1633 1199 1708 unanimiter,
1221 1636 1304 1713 post

352 1731 480 1795 multas
514 1731 593 1794 hinc
627 1738 662 1794 et
692 1731 772 1794 inde
806 1732 1085 1813 disceptationes,
1113 1733 1149 1795 in
1180 1732 1303 1794 ducem

353 1828 578 1895 Godefridum
592 1839 835 1907 consonantes,
854 1832 968 1914 ipsum
990 1832 1135 1913 eligunt,
1154 1838 1190 1894 et
1210 1830 1303 1893 elec-

350 1937 424 1993 tum
447 1931 629 2013 sepulchro
654 1931 796 1994 Domini
817 1952 894 1994 cum
917 1930 1076 1995 laudibus
1101 1938 1136 1995 et
1163 1930 1304 2014 hymnis

351 2036 387 2093 et
403 2031 547 2094 canticis
564 2037 826 2113 repraesentant.
878 2031 933 2094 De
949 2030 1148 2112 patriarcha
1162 2049 1303 2113 quoque

351 2129 593 2194 constituendo
616 2131 652 2193 in
675 2137 796 2193 sancta
819 2129 961 2194 civitate
978 2131 1150 2213 principes
1169 2136 1302 2194 tracta·
1403 2151 1406 2156 ·

351 2236 424 2293 tum
448 2228 626 2306 habentes
651 2229 770 2293 favore
797 2229 894 2294 ducis
918 2229 1199 2294 Normauncrum
1225 2228 1303 2293 R'o-

351 2329 453 2405 berti,
476 2330 659 2412 episcopus
685 2329 824 2411 quidam
849 2329 1108 2393 Maturanensis
1132 2329 1176 2392 de
1198 2328 1304 2393 Gala-

351 2428 427 2491 bria
442 2426 664 2510 Arnulphum
681 2427 747 2492 sibi
761 2428 963 2493 familiarem
983 2428 1166 2511 quendam,
1183 2447 1300 2492 sacer-

351 2526 442 2590 dotis
469 2528 576 2591 filium
599 2535 633 2591 et
653 2529 744 2591 inter
765 2529 965 2610 peregrinos
992 2529 1242 2593 incontinentia
1263 2535 1302 2592 et

351 2627 458 2689 nimia
474 2628 617 2692 levitate
631 2635 801 2704 notatum,
818 2628 854 2691 in
872 2629 953 2692 sede
975 2629 1198 2710 patriarchali
1220 2647 1301 2692 con-

351 2727 477 2805 trusit3
509 2728 569 2791 sed
600 2727 691 2791 idem
718 2725 933 2810 ArnulphuS,
960 2729 1031 2792 cita
1055 2735 1165 2792 morte
1192 2729 1301 2791 inter·

349 2827 521 2903 veniente,
539 2834 667 2891 temere
684 2834 879 2909 susceptam
898 2835 1038 2891 coactus
1060 2835 1114 2892 est
1130 2828 1303 2910 deponere

350 2925 567 3007 dignitatem.
621 2926 708 2990 Post
722 2926 820 2989 illum
837 2934 965 3004 autem,
980 2934 1127 2991 vacante
1140 2927 1221 2991 sede
1237 2946 1300 3010 per
1322 2913 1326 2929 ‘

349 3042 485 3104 menses
515 3027 680 3108 quinque,
711 3025 897 3109 principes,
927 3028 987 3109 qui
1013 3035 1202 3110 praesentes
1224 3027 1299 3090 fue·

350 3132 444 3202 runt,
470 3132 550 3207 post
579 3125 724 3190 multam
751 3126 1044 3204 deliberationem,
1067 3127 1299 3192 venerabilem

349 3225 463 3289 virum
489 3225 695 3289 Daibertum
720 3226 757 3289 in
791 3225 915 3290 throno
945 3226 1168 3308 patriarchali
1194 3235 1230 3291 et
1262 3227 1300 3290 in

349 3342 433 3390 cura
463 3325 635 3388 collocant
664 3325 854 3408 pastorali3
881 3326 948 3389 suit
970 3333 1084 3390 autem
1106 3332 1210 3391 autea
1227 3326 1300 3408 epi-

347 3425 476 3507 scopus
495 3424 634 3488 Pisanae
656 3424 825 3502 ecclesiae,
841 3426 896 3489 vir
915 3426 960 3489 ad
982 3425 1120 3508 plenum
1144 3426 1299 3490 eruditus

346 3531 385 3588 et
401 3525 437 3588 in
454 3524 598 3605 agendis
612 3524 856 3589 ecclesiasticis
872 3545 894 3588 a
909 3545 1016 3608 puero
1033 3525 1215 3590 enutritus.

384 3754 621 3822 ¹Trodltisigitur.]
638 3759 692 3808 The
702 3773 810 3822 passage
839 3759 1040 3808 Normenuorum
1068 3759 1203 3823 Robertus,
1224 3775 1300 3813 snum

347 3824 478 3889 following
485 3827 809 3890 shouldprobablyberead
836 3830 880 3890 qui
903 3844 1038 3879 accensum
1060 3830 1126 3879 clam
1147 3832 1257 3881 extinxit
1274 3839 1301 3884 et

348 3895 422 3957 thns3
445 3899 453 3925 ‘
464 3897 576 3947 'iraditio
599 3899 679 3959 igitur
696 3899 810 3948 candelis
834 3900 981 3948 electionem
992 3900 1024 3948 de
1035 3915 1062 3949 se
1073 3900 1195 3949 divinitus
1206 3901 1300 3953 factam

348 3968 486 4028 unicuique
494 3969 636 4029 principum
644 3970 698 4018 siue
706 3970 810 4030 lumine,
835 3970 969 4019 infeliciter
987 3970 1116 4030 refutavit,
1138 3984 1252 4034 sperans,
1272 3989 1300 4024 se

346 4039 377 4083 ut
387 4050 462 4097 quem
477 4037 550 4086 Deus
565 4039 670 4100 eligeret
684 4054 730 4101 per
743 4040 810 4088 cerei
835 4040 919 4088 adhuc
928 4039 1056 4102 inAnglia
1066 4040 1196 4090 nobilitate
1204 4042 1301 4094 delica-

340 4106 808 4168 .accensionem,abomnibussanerex
833 4110 885 4160 tius
895 4105 1077 4172 regnaturum!

346 4175 537 4240 acclamaretur,
565 4179 662 4228 electus
689 4184 728 4228 est
756 4179 809 4228 dux
