2820 4882
144 591 199 632 Μ).
210 592 266 631 11⁴³.

148 2577 202 2616 Λ.Ῑ).
214 2577 270 2616 1145.

149 2627 226 2676 suph,
236 2627 280 2666 esti

147 2677 270 2725 otehuter,

148 2727 220 2766 taken.

151 3453 206 3493 Λ.Ῑ).
217 3454 273 3492 1146.

306 398 374 464 236
545 415 680 461 noonnr
704 417 751 463 nn
776 416 981 464 wnnoovun

306 570 516 633 monasteria
526 572 708 636 incendere
717 574 850 637 solebat
862 583 897 639 et
906 575 1077 655 frangere,
1087 593 1165 638 cum
1174 594 1257 656 pro-

306 669 455 751 scriptus
470 689 564 733 mare
581 672 756 750 transiret,
774 675 873 737 navis
894 675 984 737 inter
1000 673 1111 737 undas
1134 675 1254 737 immo-

306 768 385 831 bilis
410 771 645 859 permanebat,
675 772 746 854 qui,
770 772 872 837 tertio
900 780 996 837 sorte
1019 773 1103 836 data
1127 781 1162 836 et
1186 774 1252 837 sibi

307 868 442 944 sortita,
462 868 587 932 missus
609 878 663 933 est
684 871 719 933 in
744 872 908 954 scapham
927 892 1004 936 cum
1027 892 1137 936 uxore
1156 878 1191 935 et
1214 873 1252 935 li-

307 966 398 1029 beris
428 975 464 1029 et
484 968 631 1048 pecunia
653 988 717 1033 sua
742 977 830 1048 tota,
855 971 916 1034 sed
943 971 1106 1034 navicula
1132 972 1251 1034 statim

307 1064 467 1156 fluctibus
486 1068 663 1131 submersa
679 1076 732 1132 est
748 1077 783 1133 et
800 1070 916 1133 miseri
930 1070 1106 1152 perierunt
1124 1089 1133 1149 ;
1156 1089 1256 1151 mag·

307 1183 353 1227 na
366 1185 448 1228 vero
466 1164 578 1242 navic,
593 1168 680 1230 mari
698 1175 835 1250 pacato,
853 1188 995 1251 aequora
1010 1169 1084 1232 sine
1106 1169 1254 1251 impedi·

307 1270 423 1328 mento
443 1264 605 1329 sulcavit.
655 1267 785 1331 Eodem
808 1287 899 1333 anno
920 1267 1122 1345 Gaufridus,
1138 1286 1254 1331 comes

306 1361 583 1443 Andegavensis,
613 1383 635 1427 a
660 1366 793 1431 civibus
826 1367 1166 1448 Rothomagensibus
1199 1386 1255 1430 so·

307 1460 465 1525 lemniter
489 1472 670 1546 susceptus
694 1473 748 1530 est
772 1473 807 1531 et
832 1467 957 1532 exinde
980 1468 1053 1530 dux
1080 1465 1256 1531 Norman-

307 1561 373 1624 niae
388 1561 583 1642 appellatus
600 1572 663 1629 est.

372 1744 461 1824 Quod
473 1766 526 1809 rac
543 1745 719 1830 Stephanus
733 1745 923 1809 Fouendum
935 1745 1093 1809 castaldum
1107 1746 1198 1829 capit.

358 1866 462 1933 Anno
487 1869 626 1932 Domini
641 1885 794 1933 nexum.
814 1888 877 1932 rex
893 1868 1088 1949 Anglornm
1111 1866 1257 1950 Stepha-

308 1985 373 2030 nus
401 1970 559 2032 comitem
580 1968 790 2045 Gloverniae,
808 1989 886 2031 cum
909 1966 1027 2030 multis
1049 1967 1127 2030 aliis
1144 1966 1257 2030 iuimi-

308 2087 425 2130 corum
457 2088 610 2145 suorum,
640 2087 662 2131 a
689 2068 947 2131 constructione
978 2065 1257 2130 Fatendunensis

309 2167 413 2230 castri
432 2160 586 2248 ¹fugavit
606 2174 641 2231 et
660 2167 883 2250 municipium
902 2166 987 2229 illud
1005 2166 1042 2230 in
1062 2183 1128 2229 sua
1143 2171 1261 2247 potes·

309 2272 382 2329 tate
398 2267 536 2349 recepit.

382 2430 470 2510 Quod
482 2453 536 2495 ren
552 2429 728 2515 Stephanus
742 2428 971 2512 ceptr‘comtum
987 2429 1181 2493 castremus.

359 2551 463 2616 Auno
482 2553 625 2616 Domini
648 2568 786 2616 rucxrn.
809 2572 872 2615 rex
894 2550 1089 2633 Anglorum
1110 2550 1257 2633 Stepha-

311 2670 375 2713 nus
405 2653 497 2733 cepit
517 2646 739 2728 ²Ranulfum,
769 2651 913 2716 Cestriae
941 2651 1113 2727 comitem,
1141 2649 1186 2713 ad
1217 2669 1255 2713 se

310 2750 451 2832 pacifice
460 2752 653 2816 venientem
671 2751 763 2833 apud
779 2748 1108 2831 Northamptonam,
1124 2756 1160 2812 et
1176 2768 1257 2812 eum

309 2850 346 2912 in
365 2868 501 2914 carcere
519 2851 642 2927 tenuit,
659 2869 839 2932 quousque
856 2848 1005 2912 reddidit
1021 2849 1053 2912 ei
1075 2848 1257 2912 castellum

310 2947 552 3013 lincolniense
576 2970 655 3014 cum
675 2950 822 3024 caeteris,
847 2967 925 3030 quae
950 2966 1023 3011 suae
1048 2947 1187 3011 fuerant
1206 2947 1255 3010 di-

310 3049 426 3124 tionis,
449 3057 485 3113 et
510 3050 560 3112 sic
589 3069 653 3112 rex
684 3048 777 3131 apud
807 3046 1024 3110 Lincolniam
1056 3046 1259 3110 solemniter

311 3166 474 3212 coronam
490 3149 655 3230 portavit.

314 3319 402 3399 Quod
417 3321 573 3384 Hauricus
587 3341 641 3384 rac
647 3319 783 3403 futurus
799 3319 834 3381 in
849 3317 1082 3381 Normunuium
1100 3317 1261 3381 transicit.

362 3441 466 3506 Anno
481 3443 623 3506 Domini
638 3458 789 3505 Mcxuvr.
808 3434 1015 3516 ³HenricuS,
1031 3439 1128 3504 ducis
1144 3438 1260 3503 Ande-

312 3542 425 3622 gaviae
440 3542 532 3605 filius
548 3549 589 3605 et
598 3541 827 3623 imperatricis
844 3539 1015 3615 Matildis‚
1033 3539 1069 3601 in
1086 3539 1261 3603 Norman-

312 3641 402 3704 niam
436 3641 621 3717 transiens,
650 3640 686 3702 in
727 3628 782 3702 die
816 3637 1009 3703 Dominicae
1048 3638 1262 3701 ascensionis

347 3847 502 3913 wagan]
521 3848 710 3897 netookwiu
721 3848 771 3896 nm
797 3846 985 3896 consueram
1012 3846 1064 3895 nar
1086 3845 1196 3894 assisted
1220 3844 1264 3894 oe
1297 3833 1300 3838 '

312 3934 344 3968 an
355 3934 426 3982 army
436 3918 466 3968 os
477 3919 622 3968 Londoners
639 3931 774 3967 numerous
798 3917 861 3977 king
871 3921 898 3965 at
908 3915 950 3964 the
962 3916 1031 3977 siege
1042 3915 1071 3964 of
1078 3914 1248 3976 wallingford
1254 3929 1263 3975 ;

312 3990 361 4037 and
372 3990 490 4050 terrible;
508 3988 652 4050 Huntiugd.
664 4004 690 4050 p.
700 3990 757 4036 393.
799 3985 943 4047 Huntingd.
955 4000 981 4047 p.
993 3988 1050 4034 aad.
1224 3990 1227 3994 ’

834 4051 845 4082 ³
859 4048 1015 4121 isenricus]
1034 4054 1158 4116 Compare
1169 4052 1264 4104 chron.

347 4123 357 4152 ²
368 4121 525 4194 lindulfum]
544 4127 587 4175 He
598 4127 649 4175 had
660 4127 725 4174 been
736 4140 775 4174 re·
799 4125 928 4186 cervant,
940 4128 1013 4173 1³61.
