2820 4882
421 401 560 451 rnours
582 405 851 455 ursuournauu.
1046 398 1112 461 439

157 557 257 621 salvo
278 559 370 639 patri
393 564 589 624 tenemento
610 563 775 643 quamdiu
795 565 930 630 viveret
952 575 987 630 et
1011 569 1110 634 salva
1124 586 1178 626 ab.
1191 588 1246 627 1¹⁸⁹.

158 655 226 719 fide
243 676 348 738 quam
363 660 454 739 patri
471 660 630 725 debebat.
682 661 809 744 Sicque
823 664 921 728 finito
937 667 1109 751 colloquio

159 773 260 835 reges
276 762 312 819 et
326 763 403 821 tota
416 759 602 823 multitudo
619 762 772 824 recessit.

167 925 209 990 Ut
222 948 277 992 rea
291 928 491 993 Francortun
503 939 637 1015 quatuor
653 931 779 996 castallo
794 933 875 1018 repis
889 934 1014 1019 Aoqttae
1030 937 1109 1020 copie

294 1027 452 1114 iusumque
467 1050 488 1092 o
506 1029 728 1094 Ocomnoonico
745 1029 965 1116 arbasopooit.

240 1150 320 1215 Rex
351 1152 566 1217 Francorum
598 1175 676 1218 cum
705 1154 831 1218 comite
864 1153 1041 1219 Richardo
1071 1155 1107 1219 in
1120 1177 1227 1218 ararat„

160 1248 251 1312 hunc
276 1250 414 1315 modum
441 1253 604 1316 recedens
635 1254 727 1335 cepit
752 1253 1107 1318 Feritatem-Bernar-
1120 1228 1250 1278 ⁸⁰¹¹⁰⁸¹¹⁶³⁹

160 1347 206 1424 di,
229 1349 542 1428 Montemfortem,
563 1346 812 1433 ¹Baalverqne,
841 1353 987 1417 castella
1014 1353 1106 1434 regis

160 1444 312 1528 Angliae,
337 1456 477 1532 etpost
504 1452 699 1534 captionem
725 1451 821 1514 illam
845 1470 978 1514 moram
1001 1452 1105 1515 trium

159 1545 290 1609 dierum
311 1547 393 1612 fecit
409 1549 547 1613 ibidem.
599 1550 734 1614 Deinde
757 1549 1027 1615 Cenomanniam
1049 1570 1105 1615 ve-

160 1645 269 1721 niens,
301 1646 504 1728 fingansque
535 1669 573 1713 se
603 1649 753 1713 Turonis
778 1649 920 1725 iturum,
945 1651 1104 1731 proximo

159 1742 214 1807 die
241 1743 362 1821 Lunae,
394 1765 472 1809 cum
503 1767 565 1811 rex
589 1745 729 1828 Angliae
761 1754 796 1811 et
825 1749 879 1810 sui
908 1747 1105 1811 viderentur

159 1841 284 1905 ibidem
313 1862 388 1907 esse
419 1846 543 1918 securi,
571 1865 634 1908 rex
660 1846 873 1909 Francorum
900 1845 992 1908 acies
1022 1864 1104 1908 suas

158 1939 329 2023 disposuit
368 1943 405 2005 in
441 1944 618 2007 civitatem
651 1941 896 2007 cenomanniae
935 1942 1103 2006 insultum

157 2037 335 2120 facturus3
361 2042 453 2122 quod
472 2041 590 2105 videns
612 2041 810 2124 Stephanus
832 2034 893 2104 ²de
911 2040 1104 2118 Turnbam,

158 2144 241 2201 tunc
267 2137 480 2221 Andegaviae
508 2141 601 2221 regis
625 2139 819 2222 Anglorum
857 2139 1103 2216 seneschallus,

157 2237 195 2299 in
222 2237 385 2301 suburbio
412 2239 528 2321 ignem
555 2240 715 2322 conjecit,
737 2237 797 2302 sed
823 2238 914 2319 ignis
937 2256 1103 2301 accensus

158 2354 275 2399 muros
301 2338 548 2401 transcendens
570 2338 641 2401 fere
663 2339 841 2402 civitatem
863 2342 971 2399 totam
994 2336 1031 2398 iu
1053 2336 1104 2399 fa-

156 2434 275 2497 villam
305 2436 446 2518 redegit
512 2435 592 2501 Hoc
625 2437 751 2501 Franci
779 2440 1025 2516 cognoscentes
1059 2436 1102 2499 ad

158 2532 329 2614 quendam
375 2541 514 2617 pontem
551 2535 726 2617 lapideum
764 2540 1007 2617 pervenerunt,
1045 2535 1104 2598 ubi

159 2628 351 2696 Gaufridus
372 2633 415 2696 de
431 2634 578 2696 Bruilun
602 2640 638 2698 et
660 2633 760 2698 multi
782 2653 859 2698 cum
879 2652 920 2697 eo
941 2640 1102 2714 exparte

158 2730 251 2810 regis
266 2728 406 2813 Angliae
429 2732 479 2794 eis
501 2740 724 2797 occurrerunt
745 2741 884 2815 pontem
906 2732 1103 2813 dirumpere

157 2829 348 2910 cupientes,
371 2828 531 2913 factoque
559 2831 606 2893 ibi
628 2831 791 2894 conflictu
815 2832 979 2906 maximo,
1002 2831 1102 2894 multi

157 2926 237 2990 binc
269 2935 304 2990 et
336 2928 416 2991 inde
448 2929 565 3009 gladio
594 2937 808 2993 corruerunt.
865 2928 909 2991 In
944 2929 1009 2991 boc
1039 2946 1103 2991 au·

158 3034 240 3095 tem,
260 3026 424 3090 conflictu
452 3037 575 3110 captus
605 3034 658 3091 est
686 3025 875 3090 Gaufridus
902 3025 1102 3105 praedictus,
1152 3094 1159 3104 ‚

157 3119 214 3186 in³
236 3126 370 3190 cervice
389 3125 604 3202 vulneratus,
622 3145 700 3189 cum
720 3124 798 3187 aliis
820 3122 957 3201 multis;
985 3125 1101 3187 caeteri

158 3231 273 3287 autem
294 3223 450 3289 volentes
473 3225 509 3289 in
533 3225 711 3290 civitatem
733 3222 864 3305 fugere,
883 3221 1009 3284 Franci
1032 3240 1103 3284 una

158 3322 329 3385 cumillis
356 3323 504 3404 ingressi
528 3331 611 3387 sunt
638 3324 836 3401 civitatem;
864 3321 956 3403 quod
981 3320 1102 3383 videns

158 3439 221 3482 rex
244 3417 452 3502 Anglorum,
477 3422 520 3485 de
542 3442 580 3485 se
609 3422 809 3504 desperans,
832 3439 909 3483 cum
936 3418 1103 3482 militibus

158 3519 388 3599 septingentis
415 3520 561 3602 aufugit.
615 3520 800 3583 Rex-vero
831 3518 1044 3581 Francorum
1069 3524 1104 3581 et

159 3616 367 3695 RicharduS,
398 3638 513 3683 comes
544 3619 783 3693 Pictavorum,
814 3636 875 3698 per
910 3615 979 3679 tria
1007 3615 1105 3677 illum

158 3715 318 3780 milliaria
345 3717 492 3781 insecuti
518 3725 619 3796 sunt;
644 3725 680 3781 et
701 3716 767 3779 nisi
782 3715 922 3789 vadum,
936 3734 998 3796 per
1013 3713 1104 3795 quod

158 3816 341 3878 transitum
371 3815 539 3892 fecerunt,
573 3816 681 3879 altum
704 3821 798 3878 esset
828 3820 864 3876 et
890 3814 1105 3888 immensum,

193 4009 384 4099 ¹Buuluerque.]
403 4012 522 4075 ‘Bolum'
539 4015 616 4062 Bene·
679 4009 737 4060 2De
747 4006 893 4076 Tamiram]
920 4001 1107 4089 ‘palmula’

155 4080 368 4147 diot.;‘Baalum,
384 4085 492 4144 Diceto;
503 4078 618 4143 ‘Balim‚’
646 4082 769 4131 Hoveden
785 4079 835 4128 and
853 4079 984 4128 Benedict.
1001 4077 1098 4126 Abbas.

156 4149 289 4201 Hoveden.
679 4149 727 4198 ³In
738 4149 850 4211 ceroma]
867 4142 1009 4209 ‘inerme’
1021 4146 1083 4196 ibid.
