2820 4882
435 405 574 456 rnosns
597 407 868 456 msnonnnuu.
1085 394 1131 461 33

173 561 391 640 gorniensem
405 583 536 647 pagum
550 567 794 647 praedabatnr3
818 565 877 631 sed
896 586 976 631 cum
987 567 1128 650 Wigor-
1139 582 1195 623 av·
1205 586 1261 625 ωου-

173 661 262 724 niam
282 663 432 727 infestus
446 667 611 744 venisset,
629 669 716 748 regii
733 667 872 742 milites,
888 668 1125 733 benedictione

173 753 282 825 ¹beati
296 763 451 828 Wlstani
466 767 631 848 episcopi,
647 769 703 831 cui
721 770 828 831 castri
851 768 1010 832 custodia
1031 788 1125 833 com·

170 860 275 926 missa
297 862 424 941 suerat,
446 864 538 941 freti,
559 867 678 931 multis
701 867 852 931 hostium
877 869 990 950 captis
1013 876 1049 932 et
1070 870 1125 933 in-

169 961 336 1041 terfectis
352 966 455 1047 pauci
470 967 597 1029 multos
609 969 758 1049 turpiter
774 968 981 1048 effugarunt.
1015 968 1125 1050 Hugo

168 1060 284 1143 Bigod
302 1065 396 1146 apud
415 1065 629 1144 Norwicum,
646 1074 682 1131 et
699 1068 808 1148 Hugo
824 1069 867 1131 de
886 1066 1125 1135 Grantemenil

167 1163 259 1243 apud
273 1156 532 1243 ²Leircestram,
549 1167 622 1230 suis
637 1169 784 1251 quisque
804 1169 975 1250 partibus,
993 1171 1124 1251 rapinis

167 1262 410 1345 indulgebant.

214 1437 368 1519 Quomodo
382 1462 437 1504 rec
461 1441 633 1508 Willclmus
649 1442 682 1505 ic
698 1442 860 1506 desertores
874 1465 942 1508 suos
957 1443 1052 1507 cecill

511 1542 627 1606 direxit
639 1552 667 1606 ai
682 1565 783 1606 aritio.

200 1661 354 1730 Videns³
369 1669 476 1749 igitur
492 1689 556 1734 rex
568 1669 763 1733 Willelmus
781 1688 900 1732 omnes
911 1689 1011 1752 paene
1022 1669 1121 1750 regni
1132 1681 1273 1773 goffia

161 1785 323 1846 proceres
344 1769 381 1830 in
398 1788 469 1832 una
491 1771 586 1832 rabie
609 1771 839 1851 conspiratos,
855 1768 993 1850 Anglos
1011 1769 1119 1833 fortes
1255 1760 1261 1772 ’

162 1873 197 1930 et
216 1869 347 1950 probos
370 1869 547 1945 invitavit,
562 1871 686 1951 quibus
711 1871 820 1933 bonas
840 1869 934 1949 leges
954 1875 990 1931 et
1011 1868 1121 1932 tribu-

161 1973 277 2030 torum
301 1968 462 2032 levamen
492 1969 686 2051 liberasque
716 1970 883 2051 pollicens
915 1968 1118 2031 venationes

162 2066 228 2129 sibi
252 2068 299 2130 ad
326 2069 426 2132 fidele
451 2070 630 2133 servitium
657 2069 837 2149 obligavit.
890 2066 966 2129 Nec
993 2067 1119 2131 minori

161 2168 294 2231 astutia
306 2168 486 2250 Rogerum
498 2169 541 2232 de
551 2168 877 2233 Monte-Gomerico
891 2186 1009 2229 secum
1019 2167 1116 2248 equi-

161 2273 294 2331 tantem
312 2270 549 2344 circumvenit,
565 2268 682 2331 dicens
700 2287 737 2331 se
754 2268 901 2331 libenter
917 2286 1023 2349 regno
1041 2286 1116 2331 ces·

160 2386 294 2446 surum,
311 2371 340 2432 si
358 2370 425 2432 sibi
442 2378 476 2433 et
489 2369 578 2445 aliis,
596 2388 684 2450 quos
701 2376 800 2450 pater
815 2375 947 2431 tutores
965 2368 1019 2430 sui
1036 2367 1117 2431 reli·

159 2476 296 2550 querat,
310 2470 396 2533 utile
409 2470 603 2547 videretur;
622 2470 653 2532 si
663 2470 782 2545 velint,
795 2469 961 2550 pecunias
970 2467 1026 2532 vel
1038 2487 1117 2548 pos-

160 2570 334 2633 sessiones
357 2590 421 2652 pro
452 2590 516 2633 suo
539 2571 682 2634 arbitrio
706 2570 890 2653 accipiant,
914 2575 949 2631 et
973 2587 1117 2649 prorsus

160 2687 379 2751 quaecunque
409 2671 582 2734 voluerint
611 2672 648 2734 in
676 2690 784 2751 regno
810 2689 873 2751 pro
898 2668 1116 2750 beneplacito

161 2788 225 2832 suo
241 2769 450 2852 disponant3
467 2771 707 2835 tantummodo
724 2771 863 2834 videant
880 2789 924 2832 ne
941 2769 1115 2850 periclite-

162 2876 219 2939 tur
237 2868 410 2953 judicium
431 2872 609 2953 genitoris,
626 2871 771 2964 quodpi
788 2871 829 2933 de
848 2888 885 2932 se
904 2868 1116 2952 judicaverit

161 2971 461 3046 contemnendum,
495 2972 692 3054 exemplum
724 2976 872 3035 caveant
902 2968 944 3032 de
976 2970 1113 3050 seipsis

160 3070 336 3152 praecipue
353 3072 537 3135 cumidem
555 3091 592 3135 se
608 3091 725 3152 regem
743 3072 803 3152 qui
824 3069 966 3133 comites
985 3070 1114 3132 consti·

159 3170 227 3234 tuit
244 3170 335 3238 illos.
390 3171 458 3234 His
477 3172 591 3236 verbis
606 3191 720 3243 comes
738 3171 899 3252 Rogems
920 3170 1113 3244 convictus,

158 3270 219 3352 qui
248 3272 382 3352 primns
414 3280 495 3353 post
526 3271 683 3335 Odonem
716 3272 819 3355 hujus
850 3270 1011 3333 factionis
1042 3268 1114 3349 sig-

159 3369 249 3434 nifer
263 3370 340 3449 fuit,
356 3372 486 3453 primus
506 3374 658 3435 omnium
680 3371 886 3454 poenitentia
907 3369 1031 3432 ductus
1053 3367 1114 3430 de-

158 3468 253 3537 fecit.
307 3471 481 3536 Continuo
512 3472 619 3553 igitur
648 3493 711 3536 rex
742 3473 778 3534 in
811 3471 1003 3534 desertores
1031 3487 1113 3535 suos

158 3571 336 3653 profectus
351 3573 495 3636 castella
511 3574 628 3654 patrui
644 3573 697 3635 sni
710 3571 844 3635 Odonis
865 3569 1112 3651 episcopi,Tu-

157 3671 334 3753 nebregge
356 3673 487 3736 scilicet
505 3679 540 3736 et
556 3671 759 3748 Pevenesel,
775 3671 965 3750 confregit;
983 3676 1018 3732 et
1035 3670 1112 3750 ipso

158 3771 323 3853 episcopo
341 3773 378 3837 in
397 3773 582 3853 posteriori
604 3773 795 3853 intercepto
812 3769 958 3835 vinculis
981 3769 1112 3832 manci-

191 3939 290 3990 ¹Beuti
307 3941 437 4004 Wlstani]
462 3942 494 3990 In
516 3943 623 3990 Maims-
685 3936 898 4007 ’Leircestrum.]
916 3935 1116 4002 ‘Lencestramf

155 4007 242 4074 bury‘s
259 4011 305 4060 life
324 4011 354 4061 ot'
361 4013 487 4074 Wulstan‚
504 4013 526 4060 it
542 4013 565 4060 is
582 4027 623 4061 as·
653 4013 686 4062 C.-

156 4072 239 4131 ierted
250 4082 306 4130 that
316 4082 348 4130 he
360 4082 420 4131 died
431 4097 463 4130 on
473 4083 585 4132 thenath
596 4081 626 4130 of
685 4079 696 4111 ⁸
709 4082 799 4130 Videas
810 4076 915 4150 igitar]
934 4081 1058 4143 Compare
1070 4081 1112 4128 the

156 4152 361 4214 Jmuarytost.
396 4153 472 4215 Upon
488 4154 538 4203 this
554 4167 623 4201 error
649 4157 758 4200 account
767 4152 898 4214 following
908 4153 971 4201 with
984 4151 1114 4210 Malmsb.‚

158 4235 198 4271 see
210 4222 290 4284 Angl.
303 4221 374 4272 Sacr.
386 4222 414 4272 ii.
426 4239 452 4284 p.
465 4227 522 4285 267,
533 4227 597 4272 note.
649 4223 700 4271 and
711 4223 850 4272 Ordericus
861 4223 963 4283 vitalis,
974 4236 1001 4282 p.
1012 4223 1069 4268 667.

204 4313 285 4361 VOL.
310 4313 348 4358 11.
938 4315 962 4360 D
