2820 4882
418 410 558 460 neonus
581 411 854 462 monosticon.
1065 399 1110 464 ta

160 571 361 636 transmisit.
414 571 546 636 Eodem
571 576 794 636 annotante
824 581 900 639 erat
928 572 1245 638 inundationum

159 673 369 754 pluviarum,
383 679 551 754 quautam
574 691 675 737 nemo
700 672 904 738 meminerat
923 681 1027 737 antea
1053 693 1110 739 ao·

159 772 308 852 cidisse3
330 772 466 850 deinde,
482 773 748 855 superveniente
769 781 924 856 tempore
944 773 1109 857 hyemali,

157 873 301 936 flumina
322 875 374 938 ita
394 880 480 937 sunt
502 873 686 955 congelata
709 881 750 937 ut
772 875 1009 955 equitantibus
1030 894 1110 957 per-

141 973 321 1043 meabilia
342 973 555 1051 viderentur,
577 974 650 1050 sed,
673 974 814 1037 tandem
837 974 917 1055 gelu
944 974 1110 1052 resoluto,

157 1073 329 1137 confracti
351 1080 434 1138 sunt
451 1083 575 1157 pontes
601 1073 801 1155 glacialium
816 1075 948 1158 impetu
974 1084 1110 1139 crusta·

156 1193 245 1237 rum.
294 1173 375 1238 Hoc
398 1194 536 1258 quoque
556 1193 647 1238 auno
662 1167 758 1252 ¹Iro,
775 1175 998 1239 Belvacensis
1020 1194 1110 1257 praa·

157 1274 306 1355 positus,
331 1293 355 1337 a
385 1295 479 1358 papa
507 1274 651 1339 Urbano
678 1283 900 1339 consecratus
926 1275 1109 1357 episcopus

160 1372 398 1440 carnotensis.
459 1375 590 1440 Eodem
622 1394 714 1439 anuo
748 1376 893 1440 baculus
923 1375 1054 1456 ignitus
1088 1393 1110 1438 a

160 1474 304 1538 meridie
326 1475 371 1538 ad
393 1476 591 1558 aquilonem
613 1495 676 1559 per
700 1476 824 1539 caelum
841 1474 921 1540 ferri
938 1475 1034 1537 visus
1056 1481 1111 1538 est

160 1573 323 1639 kalendis
335 1574 502 1657 Augusti,
518 1584 554 1640 et
576 1583 698 1641 secuta
717 1583 773 1639 est
787 1576 894 1639 fames
910 1573 1039 1651 valida,
1057 1573 1109 1638 sa·

145 1695 319 1757 ,memque
341 1682 442 1739 tanta
461 1677 656 1740 mortalitas
681 1677 869 1753 hominum,
895 1682 934 1739 ut
954 1675 1015 1738 vix
1039 1673 1110 1739 vivi

159 1775 356 1839 sufficereut
373 1783 528 1840 mortuos
549 1777 706 1858 sepelire.
756 1770 846 1839 ²Per
865 1775 956 1839 idem
974 1781 1112 1858 tempus

159 1896 220 1939 rex
262 1874 460 1939 Willelmus
497 1894 519 1940 a
554 1875 660 1940 fratre
696 1876 853 1941 Roberto
888 1882 1112 1959 provocatus,

160 1975 252 2058 quod
267 1974 513 2059 jusjurandum
537 1996 606 2039 non
629 1976 847 2041 observasset
872 1974 963 2057 quod
987 1974 1038 2038 illi
1060 1974 1111 2037 fe·

161 2083 268 2153 cerat,
295 2076 333 2138 in
375 2075 627 2139 Normanniam
661 2067 921 2154 transfretavitr
953 2081 1001 2151 et,
1033 2093 1111 2136 cum

160 2176 285 2240 fratres
327 2177 552 2240 convenirent
591 2174 637 2239 ad
675 2176 898 2258 colloquium,
935 2174 1111 2257 juratores

162 2283 388 2358 utrorumque
424 2276 563 2358 culpam
601 2282 713 2340 totam
749 2277 785 2339 in
819 2295 936 2357 regem
976 2273 1112 2338 refude-

162 2383 254 2441 runt.
309 2376 390 2440 Rex
420 2395 559 2458 quoque
590 2395 649 2439 eos
680 2376 861 2457 negligens
887 2382 922 2440 et
946 2375 1111 2438 iracunde

163 2477 342 2541 discedens
370 2476 551 2540 castellum
586 2477 743 2540 Burense
771 2477 900 2540 invasit
933 2483 968 2539 et
997 2476 1109 2557 cepit;

165 2584 339 2654 econtra,
373 2576 459 2640 Dux
481 2584 633 2642 castrum
661 2574 901 2657 Argentonum
934 2576 1039 2659 cepit,
1075 2583 1112 2640 et

163 2677 197 2740 in
234 2696 276 2740 eo
310 2677 487 2740 consulem
517 2677 609 2759 regis
641 2676 820 2758 Rogerum
852 2676 1110 2752 Pictavensem,

163 2784 198 2840 et
226 2796 306 2842 cum
337 2797 379 2841 eo
409 2777 535 2841 milites
566 2777 818 2859 septingentos,
852 2784 888 2841 et
918 2776 1111 2840 Hulmeuse
1221 2836 1225 2852 ,

164 2864 344 2941 castellum
375 2884 637 2960 consequenter.
690 2876 771 2940 Rex
799 2877 936 2941 interim
950 2871 1110 2940 ¹summo-

164 2978 240 3041 neri
252 2977 335 3041 fecit
350 2978 475 3059 viginti
487 2977 596 3040 millia
611 2977 765 3060 peditum
787 2976 829 3040 de
852 2996 960 3058 regno
977 2975 1112 3058 Auglo·

163 3097 250 3156 rum,
285 3085 325 3141 ut
354 3078 391 3140 in
421 3076 637 3141 Normanuia
665 3075 913 3154 convenirent3
946 3077 1110 3158 quicum

162 3177 206 3241 ad
229 3197 327 3241 mare
342 3177 520 3242 venissent
541 3178 734 3254 transituri,
758 3197 821 3241 rex
843 3196 865 3240 a
887 3176 1032 3257 singulis
1054 3195 1112 3239 eo-

163 3298 238 3342 rum
264 3278 447 3361 pecuniam
467 3277 654 3343 victualem
684 3277 800 3342 decem
829 3277 961 3341 scilieet
982 3274 1111 3339 solidos

162 3379 348 3462 accipiens,
382 3397 500 3442 omnes
531 3379 672 3442 domum
704 3379 844 3442 remisit.
910 3377 996 3440 Dux
1029 3393 1111 3438 vero

162 3479 349 3553 Robertus·
371 3477 519 3542 adduxit
548 3479 585 3540 iu
617 3477 869 3541 Normanniam
911 3476 1111 3557 Philippum

161 3599 278 3661 regem
310 3578 535 3654 Francorum,
567 3585 603 3641 et
634 3579 825 3642 exercitum
855 3577 1044 3659 copiosum,
1070 3583 1111 3641 ut

161 3679 336 3744 obsideret
359 3678 454 3760 apud
479 3684 630 3742 castrum
655 3678 698 3741 de
724 3677 824 3742 Anco
845 3696 962 3759 regem
977 3674 1112 3740 Willel·

160 3799 274 3858 mum3
298 3778 359 3841 sed
380 3797 443 3841 rex
458 3778 682 3854 Francorum,
704 3778 860 3861 pecuniae
875 3776 1025 3840 tenebris
1049 3795 1111 3839 ex-

161 3885 327 3952 caecatus,
356 3877 458 3942 rediit
488 3877 526 3941 iu
554 3878 736 3941 Franciam
768 3884 804 3940 et
831 3877 1005 3939 exercitus
1035 3875 1111 3959 ejus

195 4086 204 4118 ¹
217 4086 286 4150 loa]
301 4087 378 4148 Upou
388 4086 431 4137 the
442 4087 501 4136 date
512 4086 541 4135 of
556 4082 623 4135 Ivo’s
684 4082 695 4115 ²
706 4087 758 4134 Per
768 4086 831 4135 idem
842 4086 955 4150 tempta]
968 4085 1113 4147 According

159 4159 335 4221 appointmeut
350 4162 376 4206 to
394 4157 437 4206 the
453 4171 496 4207 see
507 4157 536 4206 of
544 4157 623 4206 Char·
648 4162 674 4206 to
685 4158 727 4206 the
738 4157 799 4207 Sax.
811 4157 904 4206 Cbron.
919 4157 946 4204 in
961 4157 1004 4206 the
1015 4155 1113 4205 follow·

159 4235 220 4292 tres,
231 4243 275 4279 see
287 4228 364 4290 Pagi,
373 4227 408 4277 ad
419 4241 460 4278 un.
473 4231 547 4292 1092,
557 4225 570 4293 ξ
582 4231 605 4276 3.
648 4231 692 4292 ing
702 4243 771 4291 year.
