2820 4882
307 379 374 446 378
568 394 703 443 nucum
727 394 775 443 nn
798 393 1004 443 wuunovur

145 571 201 611 no.
213 573 269 612 uu.
309 553 507 620 Cantuariae
530 553 856 637 appropinquasset,
873 572 963 635 equo
980 551 1142 616 desiliens
1159 559 1196 616 et
1212 573 1262 617 re

144 623 288 762 {lim-¹⁰⁰
307 657 400 738 giam
415 654 634 740 majestatem
650 672 794 736 prorsus
810 652 997 735 deponens,
1012 652 1126 716 nudus
1142 652 1261 735 pedes,

160 733 206 772 ω’
307 756 429 820 faeiem
455 753 721 837 peregrinantis,
743 753 945 835 poenitentis
971 759 1007 816 et
1032 753 1262 835 supplicantis

307 873 499 931 assumens,
516 854 620 918 tertio
637 852 715 917 idus
730 851 754 916 J
758 851 842 930 unii,
859 852 946 916 feria
959 858 1072 930 sexta,
1087 851 1132 915 ad
1150 853 1260 917 eccle·

306 955 393 1017 siam
413 954 580 1038 maj0rem
596 953 767 1036 pervenit,
782 958 819 1015 et
836 971 914 1015 cum
931 951 1115 1034 gemitibus
1134 958 1170 1015 et
1186 971 1261 1015 sus-

306 1054 404 1136 piriis
431 1053 521 1117 alter
542 1052 709 1116 Ezechias
734 1051 1059 1135 lachrymarumque
1082 1050 1261 1116 affluentia

305 1154 407 1236 petiit
429 1152 648 1235 sepulchrum
665 1151 827 1234 martyris
847 1151 1001 1233 gloriosi,
1019 1151 1077 1215 ubi
1094 1157 1171 1215 toto
1186 1170 1260 1215 cor-

306 1272 390 1334 pore
410 1257 619 1334 prostratus,
636 1250 864 1332 manibusque
884 1251 920 1314 in
939 1248 1063 1314 caelum
1080 1251 1258 1333 expansis

306 1352 437 1415 diutius
451 1352 488 1415 in
503 1351 661 1415 oratione
674 1350 876 1432 permansit.
901 1349 1046 1413 Interim
1059 1369 1122 1432 per
1137 1369 1177 1413 os
1189 1350 1259 1433 epi·

306 1451 403 1533 scopi
430 1449 695 1527 Londoniensis,
718 1468 911 1513 sermonem
938 1448 982 1513 ad
1005 1449 1174 1531 populum
1196 1449 1258 1514 ha·

305 1549 430 1626 bentis,
444 1569 507 1613 rex
520 1549 634 1613 Deum
649 1555 685 1612 et
700 1555 887 1634 martyrem
899 1549 1038 1612 beatum
1053 1548 1090 1612 in
1106 1549 1259 1612 animam

305 1667 404 1712 suam
420 1649 588 1713 invocans
605 1648 742 1731 publice
753 1655 967 1730 protestatus
986 1647 1155 1730 estquod
1169 1669 1260 1713 mor-

307 1755 376 1812 tem
398 1748 561 1831 martyris
584 1760 647 1812 nec
670 1746 850 1812 mandavit
874 1767 938 1811 nec
961 1747 1085 1824 voluit,
1105 1767 1170 1811 nec
1195 1768 1259 1812 suo

305 1847 452 1912 artificio
478 1847 707 1930 perquisivit3
742 1847 804 1910 sed
833 1847 996 1929 quoniam
1021 1846 1260 1912 interfectores

305 1948 468 2031 martyris
494 1947 638 2029 gloriosi
666 1965 711 2010 ex
737 1947 851 2010 verbis
876 1946 953 2030 ejus
979 1945 1162 2011 nonsatis
1192 1948 1259 2011 cir-

305 2054 502 2129 cumspecte
531 2047 677 2129 prolatis
706 2046 922 2110 occasionem
951 2053 1170 2129 sumpserant
1203 2066 1259 2110 ar·

305 2147 561 2229 chiepiscopum
585 2144 787 2229 perimendi,
814 2147 858 2209 ab
883 2146 1066 2229 episcopis,
1089 2145 1150 2228 qui
1175 2153 1259 2211 tunc

304 2254 494 2328 praesentes
516 2253 627 2324 erant,
647 2245 899 2309 absolutionem
919 2246 1032 2328 petiit,
1051 2264 1259 2329 carnemque

305 2364 404 2409 suam
434 2346 561 2409 nudam
591 2343 783 2426 disciplinae
811 2345 987 2426 virgarum
1015 2363 1215 2427 supponens
1237 2365 1260 2409 a

305 2445 451 2526 singulis
468 2445 552 2508 viris
568 2444 751 2526 religiosis,
768 2463 914 2527 quorum
929 2443 1115 2508 multitudo
1130 2463 1260 2527 magna

306 2550 527 2621 convenerat,
545 2544 635 2607 ictus
650 2550 768 2608 ternos
785 2543 840 2607 vel
855 2543 978 2625 quinos
993 2544 1142 2625 excepit.
1166 2543 1258 2608 Ves-

305 2644 398 2708 tibus
418 2644 526 2725 igitur
542 2642 741 2725 resumptie,
762 2643 962 2706 muneribus
984 2634 1145 2725 pretiosis
1168 2662 1259 2707 mar·

306 2749 417 2828 tyrem
434 2743 629 2820 honoravit,
648 2743 830 2823 assignans
848 2743 990 2824 insuper
1008 2743 1116 2805 annui
1134 2762 1259 2807 census

306 2840 537 2924 quadraginta
553 2841 659 2906 libras
673 2841 718 2904 ad
734 2842 915 2905 luminaria
930 2842 1022 2905 circa
1037 2841 1259 2923 sepulchrum

306 2941 468 3023 martyris
485 2940 733 3018 continuanda,
747 2941 988 3023 reliquumque
1004 2940 1071 3003 diei
1088 2960 1130 3004 ac
1145 2943 1260 3006 noetis

306 3041 482 3124 sequentis
502 3041 539 3103 in
561 3041 789 3105 amaritudine
811 3041 937 3105 mentis
956 3041 1138 3121 transegit.
1171 3041 1260 3105 Ora·

305 3141 458 3204 tionibus
479 3139 599 3222 igitur,
625 3140 754 3222 vigiliis
775 3146 810 3203 et
826 3139 970 3224 jejuniis
993 3137 1129 3203 deditus
1146 3159 1259 3223 usque

305 3239 342 3302 in
357 3239 447 3303 diem
464 3238 603 3303 tertium
616 3240 661 3303 ab
674 3239 847 3302 alimentis
864 3239 1051 3319 abstinuit3
1070 3238 1162 3303 unde
1177 3241 1257 3304 bea-

305 3346 381 3402 tum
399 3346 587 3420 martyrem
606 3339 673 3402 sibi
695 3337 840 3402 reddens
862 3338 1079 3420 placabilem,
1101 3339 1180 3422 ipso
1202 3339 1258 3403 die

306 3438 453 3515 sabbati,
476 3457 545 3520 quo
571 3438 637 3501 sibi
663 3439 707 3501 ab
733 3457 774 3501 eo
799 3437 1050 3519 indulgentiam
1079 3437 1155 3501 dari
1179 3456 1259 3520 pos·

305 3538 454 3615 tulabat,
470 3537 614 3601 tradidit
632 3537 728 3600 Deus
747 3530 880 3619 ¹regem
901 3536 1027 3601 Scotiae
1042 3537 1257 3602 Willelmum

304 3637 341 3700 in
365 3655 487 3700 manus
509 3655 603 3714 suas,
623 3637 715 3719 apud
744 3636 956 3700 Richemunt
976 3636 1158 3700 castellum
1181 3657 1259 3702 eus-

304 3736 408 3800 todiae
429 3737 676 3818 mancipatum.
728 3735 812 3819 Ipso
831 3737 936 3800 etiam
956 3734 1012 3800 die
1034 3737 1172 3801 sabbati
1196 3757 1255 3803 rex

304 3835 396 3898 filius
412 3835 501 3919 ejus,
516 3836 675 3913 navibuS,
688 3855 777 3917 quas
794 3841 1068 3918 congregaverat
1082 3835 1127 3899 ad
1146 3842 1258 3901 trans·

340 4010 453 4076 ¹Regrm
479 4012 569 4062 Scotioe
597 4006 767 4080 Willelmum]
794 4013 879 4076 riding
895 4017 941 4063 out
957 4013 1065 4074 aarlyin
1083 4013 1127 4062 the
1144 4016 1259 4077 morning

305 4083 348 4131 He
359 4098 413 4132 was
429 4083 506 4132 taken
516 4097 549 4132 on
561 4081 604 4131 the
619 4082 680 4131 leth
693 4082 768 4144 July,
794 4084 857 4132 with
878 4084 938 4144 only
954 4097 971 4132 a
986 4083 1087 4131 slender
1105 4084 1198 4148 guard,
1214 4085 1258 4135 lib.

304 4153 439 4214 according
460 4157 486 4202 to
509 4152 659 4219 Buchapan,
680 4152 768 4236 whilst
792 4154 838 4204 vii.
871 4152 1039 4216 Seel'yrrell,
1049 4153 1078 4202 ii.
1089 4167 1117 4214 p.
1129 4157 1187 4204 ³85.
