2820 4882
327 383 393 447 312
579 400 713 446 nocam
738 399 785 446 nn
808 398 1013 447 wnuuovau

170 569 225 609 Ab·
237 569 292 608 1¹6⁴·
327 553 541 717 {Udicamng’
573 554 764 716 lpraesertim
794 573 878 717 oumt
898 552 1161 715 nullllabmobilia
1192 573 1280 715 ptrae·

349 673 491 735 erquam
532 673 551 716 e
598 672 674 716 oms
689 671 844 716 eccesiae
880 671 935 716 uae
976 670 1125 735 anema,
1144 671 1206 728 rm
1223 672 1298 718 am.

333 753 471 836 penitus
494 771 569 815 esse
593 770 771 815 censemus
799 759 836 815 et
859 770 936 815 eam
962 752 1170 815 auctoritate
1198 770 1280 832 apo-

334 852 458 916 stolica
481 869 683 929 cassamus3
707 856 911 928 statuentes,
939 857 980 913 ut
1000 850 1115 913 nullas
1142 850 1179 912 iu
1202 869 1280 931 pos·

332 958 445 1014 terum
468 950 558 1013 vires
579 949 746 1026 obtineat,
768 948 825 1012 vel
850 949 914 1013 tibi
938 956 1001 1012 aut
1023 948 1280 1013 successoribus

335 1050 417 1126 tuis,
440 1068 502 1112 seu
530 1046 686 1112 ecclcsiae
713 1054 783 1111 tuae
809 1048 1050 1129 gubernationi
1075 1047 1281 1124 commissae,

335 1147 476 1230 aliquod
500 1146 537 1210 in
564 1154 740 1230 posterum
768 1146 885 1210 valeat
911 1146 1150 1230 praejudicium
1177 1165 1280 1227 gene

336 1265 426 1310 rare.
473 1245 645 1310 Caeternm
671 1245 701 1307 si
724 1245 785 1322 hii,
810 1245 930 1326 quiin
955 1244 1230 1328 possessionibus
1246 1252 1283 1309 et

334 1345 435 1408 bonis
461 1345 615 1408 ecclesiae
640 1351 710 1407 tuae
732 1344 796 1407 tibi
817 1350 879 1407 aut
906 1344 976 1407 tuis
1000 1344 1058 1407 vel
1080 1343 1283 1408 violentiam

336 1443 392 1505 vel
413 1443 575 1525 injuriam
599 1442 802 1519 intulerunt,
827 1442 981 1523 legitime
1000 1442 1199 1506 commoniti
1221 1462 1282 1506 vo-

336 1541 390 1605 his
411 1540 530 1605 ablata
544 1541 731 1613 ,restituere
748 1548 783 1604 et
802 1541 1073 1606 satisfactionem
1092 1559 1283 1621 congruam

337 1640 499 1704 exhibere
529 1639 714 1717 noluerint,
743 1648 781 1704 tu
816 1640 852 1702 in
886 1660 958 1717 eos,
988 1640 1019 1703 si
1047 1647 1283 1722 opportunum

337 1757 412 1802 esse
427 1738 566 1816 videriS,
588 1739 856 1802 ecclesiasticam
868 1738 1040 1822 justitiam
1057 1758 1126 1801 non
1144 1737 1284 1801 differas

337 1856 509 1913 exercere,
533 1844 569 1900 et
588 1856 651 1900 nos
674 1837 756 1919 quid
780 1837 860 1900 inde
883 1837 1134 1901 rationabiliter
1158 1836 1283 1900 feceris

335 1943 449 2000 ratum
470 1935 671 1999 habebimus
694 1942 800 2018 atque
823 1935 979 2015 firmum;
1005 1936 1186 2001 venumda
1207 1955 1285 2018 per-

336 2054 423 2098 sona
453 2035 545 2116 regis
568 2033 717 2117 speciale
741 2034 803 2098 tihi
827 2034 1029 2098 mandatum
1054 2054 1125 2097 non
1147 2034 1285 2112 damus,

337 2154 400 2197 nee
427 2143 542 2197 tamen
571 2134 608 2196 in
638 2133 754 2215 aliquo
782 2134 845 2197 tihi
870 2133 930 2217 jus
956 2133 1164 2216 pontificale,
1190 2133 1285 2216 quod
1376 2192 1385 2210 ,

336 2233 373 2295 in
391 2233 658 2297 consecratione
686 2239 747 2296 tua
776 2232 971 2314 suscepisti,
987 2231 1193 2309 adimimus,
1222 2232 1284 2295 sed

337 2332 450 2412 ipsum
467 2332 612 2394 illaesum
628 2330 798 2397 voluimus
814 2329 1042 2395 conservare.²
1092 2331 1151 2408 Et,
1164 2331 1220 2395 his
1235 2333 1288 2395 ita

337 2430 458 2510 gestis,
478 2429 632 2493 Thomas
655 2429 934 2512 archiepiscopus
954 2430 999 2493 ad
1015 2430 1285 2500 Pontiniaconse

338 2527 531 2592 coenobium
547 2528 726 2592 remeavit.

363 2703 451 2782 Quod
463 2703 627 2781 Matildic,
634 2703 712 2785 fillo
728 2706 821 2789 rapis,
836 2705 913 2769 abaco
928 2705 1072 2770 dononio
1087 2705 1274 2769 maritatur.

176 2826 314 2924 fflgffi,
390 2826 493 2890 Anno
514 2826 655 2890 Domini
674 2843 813 2890 ncnxv.
835 2821 1081 2907 ¹Reginaldus,
1099 2827 1286 2892 Colonien-

175 2926 314 3014 glgfflfffi
340 2924 388 2988 sis
405 2925 697 3007 archiepiscopus,
713 2925 772 3007 qui
794 2924 944 2988 schisma
961 2925 1147 2991 Octaviani
1163 2935 1288 2991 contra

341 3042 467 3106 papam
492 3024 627 3088 foverat
650 3023 901 3101 Alexandrum,
927 3025 1022 3089 veuit
1050 3024 1144 3105 apud
1169 3025 1287 3089 West-

339 3123 589 3196 monasterium,
611 3121 654 3184 ad
671 3141 788 3203 regem
804 3121 996 3185 Hem-icum
1017 3130 1224 3205 accepturus
1250 3125 1287 3186 in

340 3222 522 3304 conjugem
541 3220 735 3297 Matildem,
758 3219 865 3283 filiam
888 3222 978 3303 regis
1006 3222 1287 3304 primogenitam,

340 3319 496 3383 Henrico
519 3319 599 3382 duci
620 3318 802 3397 Saxoniae3
826 3318 883 3382 cui
907 3339 985 3383 cum
1003 3326 1188 3401 magnates
1211 3319 1287 3383 Au-

341 3419 421 3499 gliac
452 3418 652 3482 solemniter
682 3418 924 3494 occurrissent,
952 3417 1139 3496 Robertus,
1171 3439 1288 3483 comcs

341 3517 571 3597 Legecestriac
595 3523 629 3579 et
644 3515 1108 3597 justiciarius-regisillum
1130 3517 1167 3580 in
1185 3537 1288 3581 oscu-

341 3616 413 3678 lum
440 3636 509 3679 non
532 3614 672 3695 recepit,
700 3615 1017 3679 excommunicatus
1044 3614 1144 3686 enim,
1163 3624 1240 3680 erat
1265 3636 1288 3680 a

340 3733 434 3796 papa
458 3722 493 3778 et
510 3733 579 3777 non
602 3713 794 3788 absolutus,
814 3713 904 3777 unde
927 3713 1064 3791 altaria,
1086 3733 1191 3795 snper
1209 3734 1288 3797 quac

339 3813 397 3876 ille
418 3810 659 3876 schismaticus
679 3811 878 3888 celebravit,
899 3813 1027 3894 passim
1046 3819 1128 3876 sunt
1146 3813 1288 3890 subver-

338 3930 389 3974 sa.
445 3910 576 3974 Eodem
595 3929 687 3973 auno
705 3908 850 3975 Alienon
865 3911 986 3992 regina
1003 3911 1076 3993 regi
1090 3910 1288 3993 Anglorum

600 4119 608 4150 ¹
618 4119 791 4182 Reginoldua]
803 4119 904 4181 Diceto,
912 4118 959 4168 col.
968 4121 1025 4168 5119.
