2820 4882
335 399 402 465 386
593 411 729 459 noonm
753 410 800 458 nn
824 409 1031 459 wnunovnn

385 646 474 727 Quod
490 668 572 732 repes
586 645 724 711 alrami
740 644 893 710 dbcudes
908 644 989 730 repis
1001 643 1177 730 duplorum
1191 665 1251 708 sese

629 746 763 811 arbitrio
779 744 991 809 subdiderunt.

178 891 233 932 nn.
244 888 301 929 11⁷⁶.
393 865 510 936 Circa¹
523 872 596 936 dies
612 872 698 936 istos
710 865 952 947 ²Aldefonsus,
964 889 1028 934 rex
1043 867 1220 947 Castellae,
1235 889 1296 952 go·

179 939 307 981 Contentlon
492 973 499 986 ,
639 973 646 986 ,
897 970 904 985 .

179 990 321 1031 nemun·
342 992 403 1037 ner
428 991 520 1055 regis
540 971 692 1054 Anglrae,
709 978 745 1035 et
767 964 961 1047 ³Sanccrus,
981 989 1044 1033 rex
1061 968 1297 1046 Navarorum,

179 1041 317 1131 {fflffissfmu
343 1072 536 1137 avunculus
558 1071 646 1156 ejus,
669 1070 844 1135 discordes
866 1068 911 1133 ad
933 1070 1092 1147 invicem,
1114 1071 1229 1134 missis
1252 1069 1297 1133 ad

181 1143 284 1183 ΝΜ
344 1192 461 1254 regem
482 1169 621 1253 Angliae
643 1171 782 1252 legatis,
804 1190 841 1234 se
863 1176 1017 1234 staturos
1036 1168 1130 1234 illius
1153 1170 1298 1234 arbitrio

341 1273 561 1357 jnraverunt.
610 1269 736 1354 Nuntii
754 1278 891 1353 quoque
911 1269 1004 1352 apud
1020 1269 1299 1334 Westmonaste-

346 1373 434 1435 rium
454 1372 491 1435 in'
510 1371 696 1454 praesentia
721 1371 825 1452 regis,
845 1370 1097 1453 episcoporum,
1120 1371 1299 1449 comitum,

346 1458 528 1549 baronum,
543 1471 723 1535 constituti
737 1472 989 1553 proponebant,
1002 1469 1066 1547 illi,
1079 1469 1139 1553 qui
1156 1489 1300 1534 causam

348 1570 529 1636 Aldefonsi
541 1571 633 1653 regis
644 1573 844 1647 tuebantur,
855 1570 1031 1647 Sancium,
1045 1589 1161 1652 regem
1176 1569 1300 1635 Nava·

348 1691 476 1748 rorum,
499 1678 689 1735 memorato
710 1670 785 1753 regi
808 1669 982 1748 Castellae,
1002 1669 1082 1732 dum
1104 1669 1217 1734 adhuc
1237 1690 1304 1754 pu-

349 1757 565 1855 pillnsesset
584 1766 824 1854 etorphanus
842 1770 986 1834 castella
1006 1777 1042 1833 et
1063 1777 1185 1848 terraS,
1209 1770 1303 1854 Log-

350 1873 481 1936 tonium
505 1870 676 1949 videlicet,
704 1870 892 1947 Navarret,
915 1869 1104 1946 Antblena‚
1128 1869 1238 1953 Aptol
1266 1879 1303 1936 et

352 1969 506 2054 Agoscn,
532 1991 610 2034 cum
636 1970 853 2054 pertinentiis
876 1969 960 2046 suis,
982 1989 1061 2052 quae
1085 1977 1185 2053 pater
1206 1991 1305 2050 suus,

352 2072 407 2135 die
423 2091 491 2154 quo
506 2071 664 2148 decessit,
682 2078 717 2135 et
731 2070 806 2154 ipse
819 2077 900 2153 post
914 2071 1048 2152 aliquot
1062 2089 1172 2134 annos
1186 2072 1305 2153 quiete

353 2171 565 2254 possederat,
591 2170 719 2255 injuste
745 2177 780 2234 et
802 2171 973 2234 violenter
992 2169 1189 2248 abstulisse,
1212 2171 1305 2236 unde

353 2271 493 2336 domino
515 2291 578 2335 suo
600 2271 855 2335 restitutionem
877 2264 952 2335 fieri
973 2270 1218 2352 postulabant3
1252 2271 1306 2335 illi

354 2379 482 2448 autem,
504 2371 629 2453 quibus
647 2389 754 2434 causa
772 2370 889 2434 Sancii
910 2370 1003 2452 regis
1026 2370 1210 2434 commissa
1232 2371 1306 2436 fue-

354 2479 422 2547 rat,
448 2471 531 2535 nihil
554 2490 672 2535 eorum
695 2490 773 2554 quae
799 2471 843 2534 ab
866 2470 943 2534 aliis
965 2471 1146 2552 proposita
1166 2469 1306 2536 fuerant

355 2570 644 2648 contradicentes,
661 2572 864 2635 asserebant
876 2569 1104 2634 Aldefonsnm
1119 2570 1305 2653 praefatum

357 2670 484 2735 Sancio
499 2671 750 2753 praenominato
766 2670 922 2747 castella,
936 2670 1047 2751 Legin
1057 2669 1201 2750 scilicet,
1215 2670 1306 2735 Por·

358 2772 418 2848 tel,
436 2778 472 2834 et
491 2771 671 2834 castellum
687 2770 780 2852 qnod
798 2777 894 2834 tenet
912 2768 1041 2847 Godin,
1059 2789 1121 2853 per
1144 2791 1307 2853 guerram

359 2878 394 2935 et
418 2871 548 2955 injuste
570 2871 775 2951 abstulisse;
807 2877 905 2954 parte
931 2869 1041 2934 altera
1063 2870 1100 2933 in
1120 2871 1218 2935 nullo
1240 2872 1308 2936 sibi

359 2971 625 3045 contradicente,
652 2990 782 3034 eornm·
798 2970 937 3034 domino
965 2988 1029 3033 suo
1061 2969 1136 3033 fieri
1167 2973 1309 3036 restitu-

359 3071 488 3135 tionem
508 3071 773 3154 pariinstantia
788 3069 1014 3151 flagitabant3
1033 3070 1146 3134 nuntii
1164 3079 1311 3153 praeter-

360 3189 401 3234 ea
421 3171 553 3254 injure
573 3170 720 3234 confessi
741 3178 824 3235 sunt
843 3170 971 3252 palam,
986 3169 1078 3233 inter
1097 3190 1197 3252 reges
1218 3177 1310 3254 prae-⁵

359 3269 451 3335 fatos
470 3277 612 3352 treugas
635 3271 798 3353 usquein
820 3269 1051 3352 septennium,
1070 3269 1138 3333 fide
1159 3269 1311 3354 intorpo

360 3370 563 3447 sita-fuisse
580 3369 747 3434 firmatas.
800 3370 881 3434 Rex
904 3369 1011 3451 igitur
1027 3367 1235 3451 Anglorum,
1253 3371 1312 3436 ha-

318 3501 320 3505 ⁴
360 3470 433 3534 bito
456 3490 533 3533 cum
555 3471 735 3553 episcopis,
759 3469 942 3534 comitibus
964 3475 1000 3532 et
1020 3469 1209 3533 baronibus
1229 3490 1312 3536 con·

362 3569 441 3634 cilio
457 3589 564 3653 super
583 3570 731 3652 querelis
751 3569 968 3652 praetaxatis,
986 3568 1065 3632 hinc
1082 3568 1164 3633 inde
1180 3569 1313 3636 violen-

362 3676 416 3733 ter
431 3676 467 3732 et
481 3668 608 3754 injuste
623 3669 761 3746 ablatis,
775 3669 958 3732 cum-nihil
973 3676 1095 3733 contra
1111 3669 1313 3736 violentiam

362 3769 524 3852 utrinque
538 3769 752 3851 propositam
768 3789 791 3833 a
802 3776 901 3852 parte
913 3769 1082 3833 alterutra
1092 3771 1314 3855 respondere-

397 3993 407 4026 ¹
421 3996 494 4045 Circo
505 3994 557 4044 dies
574 3995 667 4058 istos]
684 3994 738 4044 'Ibe
749 3995 826 4045 cbar-
887 3989 1085 4063 'Aldtfmtsus.]
1103 3995 1211 4047 Alionso
1222 3998 1276 4048 111.
1290 3997 1319 4048 ot

362 4069 414 4116 tert
428 4065 565 4115 connected
573 4066 636 4114 with
647 4066 698 4116 this
710 4067 826 4127 question
853 4066 960 4117 Castille
969 4066 1020 4116 hod
1029 4066 1137 4116 married
1149 4066 1192 4117 the
1203 4068 1318 4130 princeos

363 4149 405 4184 are
417 4136 516 4198 printed
533 4137 568 4199 by
579 4135 714 4198 Rymer,·i.
725 4151 770 4198 pp.
782 4140 827 4186 43-
853 4137 987 4186 Eleanora.
1079 4151 1083 4156 ·
1251 4130 1258 4138 ”

363 4209 405 4256 50.
888 4204 1050 4270 ‘Sororum
1066 4206 1265 4261 orSancboVI.
