2820 4882
368 402 508 452 rnonns
532 402 805 452 ursronrnnuu.
993 388 1063 453 885

105 573 193 636 quas
221 555 289 638 ipsi
314 557 513 640 frequenter
534 559 724 624 intulerant
746 559 875 624 domini
899 562 1058 626 castello·
1071 579 1193 621 anana

105 673 204 736 rum3
227 656 352 722 deinde
371 659 461 723 idem
482 679 558 736 rex,
577 679 640 744 per
660 660 841 746 consilium
864 660 926 724 filii
948 662 1003 724 sui
1023 669 1058 726 et

103 754 357 839 episcoporum,
374 760 556 825 constituit
581 752 589 790 ¹
592 760 806 844 justiciarios
822 780 884 843 per
898 780 962 824 sex
977 781 1058 843 par·

104 860 158 917 tes
179 856 289 938 regni,
310 858 347 921 in
367 860 522 942 qualibet
541 867 641 942 parto
662 867 745 938 tres,
764 860 824 942 qui
836 860 1059 944 juraverunt,

103 955 198 1036 quod
213 957 354 1022 cuilibet
365 959 426 1044 jus
442 979 543 1022 suum
558 967 805 1024 conservarent
819 959 978 1024 illaesum.

134 1126 244 1207 Petro,
261 1129 407 1196 Rontocae
420 1129 500 1196 redte
513 1129 621 1216 Iapeto,
637 1151 691 1195 roc
701 1130 878 1217 Auctorem
892 1139 1026 1219 quotuor

425 1230 567 1317 sopitum
582 1231 732 1297 concessit.

171 1349 343 1418 Veniente
370 1353 490 1420 eodem
516 1361 671 1438 tompore
701 1355 738 1419 in
759 1354 925 1438 Angliam
952 1356 1058 1421 Petro
1070 1388 1207 1488 W&

106 1448 236 1528 Leone,
261 1453 379 1536 legato
410 1455 502 1520 sedis
528 1455 742 1538 apostolicae,
769 1464 920 1569 quatuor
941 1458 973 1521 oi
996 1440 1153 1541 reum».h
1144 1451 1219 1541 ,ξμιθ

105 1552 278 1616 concessit
299 1555 464 1637 capitula,
481 1575 560 1638 quae
578 1562 785 1638 sequuntur,
804 1556 841 1619 in
859 1577 967 1638 regno
984 1556 1059 1622 An·

104 1649 188 1731 gliae
204 1653 440 1736 observanda3
458 1655 589 1733 Primo,
603 1654 696 1737 quod
712 1654 858 1720 clericus
874 1656 1059 1722 decaetero

105 1770 177 1815 non
200 1752 360 1818 trahatur
381 1762 463 1821 anto
484 1755 637 1840 judicem
660 1755 850 1820 secularem
871 1759 1058 1839 personali·

105 1856 160 1914 ter
190 1871 254 1934 pro
279 1853 396 1936 aliquo
425 1855 567 1920 crimine
593 1854 648 1919 vel
674 1856 963 1937 transgressione,
989 1858 1057 1922 nisi

105 1969 170 2032 pro
188 1950 318 2018 foresta
337 1961 374 2019 et
392 1955 482 2023 laico
504 1954 617 2032 feodo,
640 1955 732 2019 unde
752 1955 827 2038 regi
843 1955 899 2020 vel
921 1956 983 2020 alii
999 1957 1056 2021 do-

105 2051 200 2114 mino
221 2053 370 2117 seculari
393 2054 520 2120 laicum
544 2054 689 2120 debetur
709 2055 909 2135 servitium3
933 2075 1059 2121 secun-

105 2149 164 2229 do,
180 2159 220 2216 ut
237 2153 568 2239 archiepiscopatus,
583 2155 817 2238 episcopatus,
835 2155 890 2220 vcl
908 2157 1057 2221 abbatiae

106 2270 177 2315 non
198 2259 386 2321 ,teneantur
406 2255 442 2319 in
467 2275 572 2319 manu
595 2255 687 2337 regis
710 2255 803 2319 ultra
825 2275 967 2334 annum,
990 2257 1057 2321 nisi

105 2370 170 2433 pro
190 2371 296 2417 causa
318 2354 469 2420 evidenti
488 2356 550 2421 vel
566 2355 773 2420 necessitate
795 2363 963 2437 urgente;
985 2362 1055 2420 ter-

106 2451 156 2515 tio
173 2454 356 2533 concessit,
372 2462 412 2519 ut
428 2455 669 2521 interfectores
685 2455 888 2521 clericorum
905 2457 1056 2522 convicti

106 2551 162 2616 vel
177 2553 326 2617 confessi
340 2574 457 2619 coram
467 2554 664 2640 justiciario
678 2554 789 2637 regni,
802 2563 973 2639 praesente
987 2558 1057 2639 epi-

44 2695 47 2699 >
104 2669 224 2735 scopo,
248 2654 456 2738 puniantur3
484 2662 621 2739 quarto,
647 2655 740 2737 quod
764 2655 880 2720 clerici
904 2656 1059 2722 duellum

105 2750 219 2816 lacero
234 2773 303 2819 non
318 2762 501 2838 cogantur.
531 2753 663 2820 Eodem
678 2775 772 2819 anno
787 2748 829 2819 ’.Ι
832 2755 970 2821 ohanna
984 2756 1056 2821 filia

105 2853 211 2936 regis»,
234 2852 351 2919 Siculo
371 2855 446 2938 regi
467 2863 632 2938 nuptura,
653 2854 775 2936 quinto
798 2855 877 2919 idus
901 2855 1056 2922 Novem-

103 2953 176 3016 bris
208 2955 300 3036 apud
334 2962 493 3019 sanctum
525 2955 705 3039 AEgidium
727 2956 764 3018 in
791 2964 979 3038 conspectu
1005 2956 1057 3019 vi·

104 3071 223 3118 rorum
243 3053 431 3120 illustrium
454 3055 583 3120 tradita
606 3062 659 3120 est
678 3054 825 3133 marit03
849 3073 918 3137 quo
934 3055 1056 3137 utique

104 3158 260 3237 tempore
281 3155 445 3220 universa
464 3154 604 3238 Angliae
622 3154 767 3219 castella
786 3160 867 3217 sunt
885 3152 930 3217 ad
947 3155 1057 3237 impe-

103 3252 194 3318 rium
209 3253 302 3336 regis
321 3255 488 3322 custodiae
505 3255 683 3338 deputata.
719 3252 800 3318 Hoc
816 3273 953 3337 quoque
968 3260 1057 3319 tem·

102 3372 188 3438 poro
201 3353 410 3434 Willelmus,
420 3375 536 3421 comes
547 3353 759 3431 Gloverniae,
771 3373 848 3417 cum
865 3353 973 3417 filium
987 3374 1057 3418 non

103 3451 258 3531 haberet,
275 3473 368 3536 aegre
382 3454 497 3520 ferens
511 3454 750 3519 haereditatem
764 3453 854 3519 inter
867 3454 957 3517 filias
970 3453 1058 3518 divi-

103 3551 264 3630 dendam,
293 3553 490 3620 Johannom
519 3554 709 3620 Sineterra
737 3549 837 3635 regis
856 3553 965 3618 filium
989 3553 1058 3620 sibi

103 3646 301 3718 constituit³
318 3673 559 3720 successorem.

139 3826 347 3895 ¹Justiciorios.]
376 3832 426 3881 For
447 3847 464 3881 a
481 3832 525 3882 list
542 3833 572 3882 ol
626 3829 786 3881 ’caecat
806 3824 996 3898 racemosa]
1018 3833 1055 3879 At

104 3899 148 3949 tha
164 3900 277 3950 districts
288 3901 339 3950 and
355 3901 397 3950 tha
409 3902 505 3965 judgee
521 3917 568 3964 ap·
592 3900 1053 3964 WindsorssssthseptembenDiceto.

103 3969 209 4032 pointed
231 3970 349 4034 isaach,
369 3986 411 4022 see
435 3973 569 4035 Hovoden,
592 3970 634 4021 On
656 3971 784 4020 condition
809 3971 864 4020 that
885 3970 917 4020 ho
944 3971 1054 4020 married

103 4055 132 4102 p.
143 4043 201 4089 ⁵48.
593 4042 712 4104 Hernico,
743 4041 786 4089 the
820 4035 895 4089 earl's
929 4045 1056 4104 youngest

139 4104 298 4180 Uolucem]
310 4112 414 4176 Rynrer,
424 4112 442 4163 i.
454 4128 480 4174 p.
492 4115 533 4163 ta.
593 4111 735 4176 daughter5
748 4110 883 4165 Hoveden.
907 4164 911 4183 Ξ

155 4264 235 4351 bon.
252 4301 291 4352 11.
845 4281 868 4345 2
885 4298 904 4344 c
