2820 4882
371 412 511 460 rnoans
538 412 808 462 ursroarrauu.
1002 396 1067 459 207

112 571 224 634 sancti
255 570 438 635 Michaelis
470 571 604 635 rediens
634 573 670 635 in
701 570 864 651 Angliam
888 569 989 634 duxit
1012 589 1066 633 se·
1082 585 1202 624 nano.

115 690 191 733 cum
211 670 319 733 filiam
345 690 457 747 suam,
482 677 580 734 tanto
603 671 690 746 viro,
714 676 753 732 ut
776 669 978 751 praedictum
1001 677 1066 746 θεῖ,

113 770 318 849 viduatam3
348 778 384 834 et
406 770 584 846 continuo,
601 769 705 852 jussu
728 769 832 850 regis
857 790 974 833 omncs
990 768 1066 833 An·

114 869 194 949 gliae
213 877 249 932 et
272 869 499 934 Normanniae
517 868 549 931 ei
564 869 762 951 optimates
784 875 854 932 tam
879 870 977 949 regni
993 868 1067 933 An-

115 968 195 1049 gliae
224 989 328 1051 quam
351 969 498 1033 ducatus
523 968 762 1044 Normanniae,
789 968 1008 1050 juraverunt,
1031 977 1067 1032 θῖ

115 1069 247 1149 primus
275 1069 426 1132 omnium
452 1087 566 1133 comes
592 1068 761 1131 Bononiae
787 1067 995 1148 Stephanus,
1021 1087 1066 1130 ex

117 1165 244 1244 Adala,
267 1187 386 1233 sorore
409 1168 501 1249 regis
525 1167 683 1244 Henrici,
705 1175 741 1231 et
765 1167 923 1230 Blesensi
942 1167 1067 1232 comite

116 1274 316 1348 generatus.

130 1437 219 1518 Quod
233 1439 381 1503 cceteetic
388 1439 485 1523 fecte
499 1448 541 1503 est
558 1441 640 1503 ieter
655 1439 897 1527 archiepiscopos
914 1441 1054 1506 Uaccae-

383 1539 511 1603 rieeeece
526 1549 554 1603 et
568 1538 797 1603 Eboreceeeece.

170 1660 274 1726 Anno
295 1663 436 1726 Domini
458 1678 635 1727 Mcxxvll.
655 1682 718 1727 rex
735 1663 909 1727 Henricus
929 1663 973 1726 ad
992 1662 1067 1727 Na·
1081 1673 1202 1762 ΛΜΨ·

121 1761 192 1825 tale
218 1762 330 1826 tenuit
357 1763 488 1825 curiam
520 1781 618 1826 suam
644 1765 736 1846 apud
763 1764 1042 1828 windleshoram
1058 1784 1067 1842 3
1081 1725 1220 1863 {fflig

121 1861 181 1925 ubi
204 1881 282 1924 cum
305 1860 513 1938 Turstanus,
533 1861 761 1926 Eboracensis
779 1863 1068 1946 archiepiscopus,
1192 1833 1224 1872 μ’

123 1961 158 2024 in
182 1959 421 2044 praejudicium
443 1960 621 2039 Willelmi,
646 1961 906 2026 Cantuariensis
936 1962 1068 2026 archie-

122 2059 268 2143 piscopi,
289 2078 406 2141 regem
431 2060 536 2124 vellet
561 2079 739 2139 coronare,
760 2063 893 2145 judicio
918 2061 1068 2124 omnium

124 2160 284 2242 repulsus
309 2168 375 2236 est,
400 2167 436 2223 θῖ
457 2160 548 2224 lator
571 2162 683 2224 crucis
708 2162 796 2244 ejus,
819 2179 923 2242 qnam
950 2161 986 2222 iu
1012 2178 1068 2223 ca-

123 2258 251 2341 pellam
274 2259 367 2340 regis
384 2266 466 2323 ante
481 2278 519 2323 se
536 2260 617 2323 fecit
634 2259 770 2338 deferri,
786 2267 887 2323 extra
901 2258 1068 2341 capellam

125 2377 203 2422 cum
224 2377 327 2422 cruce
349 2357 480 2441 ejectus
503 2366 567 2424 est.
611 2359 792 2423 Venerunt
813 2366 929 2423 autem
944 2358 1069 2422 ibidem

126 2458 169 2520 ad
185 2477 303 2540 regem
319 2457 427 2538 legati
443 2458 609 2535 dicentes,
627 2451 649 2493 ¹‘
663 2457 821 2536 Carolus,
834 2478 948 2523 comes
965 2459 1070 2523 Flan-

86 2568 91 2574 “
125 2557 269 2636 drensis,
287 2558 351 2621 tibi
368 2557 623 2634 dilectissimus,
638 2577 660 2622 a
675 2560 874 2641 proceribus
895 2560 968 2622 suis
989 2579 1070 2641 pro·

127 2657 256 2722 ditione
296 2656 447 2721 nefanda
480 2663 534 2721 est
570 2659 705 2722 occisus
742 2658 778 2722 in
816 2658 945 2740 templo
978 2659 1071 2741 apud

127 2757 288 2839 Breges;
325 2763 361 2822 et
392 2776 456 2820 rex
492 2757 705 2822 Francorum
741 2758 835 2822 dedit
870 2757 1071 2822 comitatum

127 2855 304 2920 Willelmo
325 2856 397 2920 filio
416 2855 563 2921 Roberti
584 2856 702 2921 fratris
725 2856 787 2933 tui,
809 2857 927 2939 nepoti
951 2864 1013 2921 tuo
1037 2866 1072 2921 et

127 2955 277 3031 inimico,
311 2955 347 3017 in
384 2975 453 3038 quo
476 2956 553 3040 jam
580 2956 682 3020 valde
713 2958 895 3020 roboratus
926 2957 1072 3020 diversis

128 3054 338 3118 cruciatibus
369 3074 487 3120 omnes
512 3056 705 3137 proditores
740 3055 856 3120 Caroli
879 3051 1072 3119 interfecit!

129 3153 240 3237 Super
254 3154 309 3218 his
330 3155 449 3236 itaque
470 3173 534 3218 rex
551 3154 726 3218 Henricus
749 3156 850 3218 nimis
872 3154 1011 3232 anxius,
1031 3153 1072 3218 eo

129 3254 221 3337 quod
233 3261 326 3317 esset
332 3254 473 3336 juvenis
487 3254 546 3318 ille
561 3262 722 3319 strenuus
737 3255 823 3318 satis
839 3262 875 3318 et
886 3255 1073 3331 animosus,

129 3361 166 3417 et¹
187 3353 454 3418 comminaretur
476 3373 514 3417 se
536 3355 611 3435 regi
637 3352 792 3417 Henrico
814 3362 886 3418 tam
909 3352 1073 3434 Angliam

128 3473 233 3535 quam
247 3452 497 3518 Normanniam
515 3454 723 3534 ablaturum,
740 3471 819 3534 quae
835 3451 912 3528 sibi,
928 3461 968 3516 ut
983 3452 1074 3515 dice·

128 3554 200 3631 bat,
218 3552 300 3636 jure
322 3552 540 3617 haereditario
562 3553 787 3616 debebantur.
840 3551 969 3615 Eodem
991 3559 1077 3615 tem-

130 3671 226 3734 pore,
249 3651 412 3716 defuncto
431 3651 619 3729 Richardo,
648 3651 883 3715 Londoniensi
902 3651 1076 3732 episcopo,

131 3744 347 3815 Gilebcrtus²
364 3751 582 3815 Universalis
604 3751 772 3815 successit
793 3757 829 3814 et
850 3770 872 3813 a
889 3750 1078 3826 Willclmo,

164 3908 173 3939 ¹
187 3902 312 3978 Careiae]
325 3909 433 3960 Charias
446 3909 488 3958 the
507 3909 591 3971 Good,
616 3909 801 3970 conspiratum
815 3908 877 3957 Rec.
886 3908 932 3957 des
943 3907 1014 3956 Hist.
1022 3907 1077 3956 xiii.

131 3983 206 4030 count
217 3979 247 4028 oi
259 3979 393 4041 Plaudere,
403 3993 458 4027 was
474 3979 555 4027 killed
565 3979 592 4026 in
616 3996 643 4041 p.
656 3982 720 4038 3523
739 3979 793 4027 xiv.
804 3981 845 4027 la.

131 4049 173 4099 the
191 4048 288 4098 church
307 4049 336 4100 oi
355 4050 393 4100 St.
411 4049 549 4110 Donatian‚
566 4052 593 4096 at
651 4043 837 4110 ²Gilebertue.]
855 4046 898 4095 Ηθ
914 4046 975 4094 died
991 4060 1023 4094 on
1039 4044 1079 4093 his

132 4120 241 4182 Bruges,
258 4119 302 4169 the
324 4119 376 4170 ind
396 4117 426 4166 of
441 4118 542 4181 March,
559 4118 592 4178 by
617 4132 676 4178 way
687 4121 713 4165 ῖο
730 4117 819 4178 Roma,
836 4116 895 4166 leth
911 4117 981 4178 Aug.
998 4118 1080 4176 11343

133 4189 265 4238 Burchard
275 4203 326 4238 run
342 4189 443 4238 Straton
460 4187 593 4238 audather
618 4187 686 4236 Ann.
697 4187 810 4235 Winton.
