2820 4882
302 393 381 459 3561
558 407 690 455 noennr
715 407 762 453 nn
785 405 994 454 wnunovnn

142 583 198 624 nn.
207 582 265 624 na.
303 566 402 631 wode
415 572 451 629 et
465 584 581 629 eorum
589 563 789 648 juramento
804 562 941 627 faciatis
956 562 1159 644 recognosci
1174 561 1258 644 quid

304 666 352 729 ibi
375 665 521 729 habetur
543 664 585 727 de
607 664 708 728 feodo
734 662 1049 745 archiepiscopatus
1073 660 1268 725 cantuari--

305 765 410 843 ensis,
432 771 468 828 et
494 764 586 846 quod
610 763 833 843 recognitum.
853 761 957 825 fuerit
984 779 1061 825 esse
1087 761 1130 824 de
1155 759 1258 824 feodo

306 863 382 946 ejus
401 864 469 945 ipsi
491 862 626 926 faciatis
649 862 784 925 habere.
822 859 971 925 Valcte.’
1016 859 1085 923 His
1107 859 1159 924 ita
1180 879 1271 942 ges·-

307 964 365 1039 tis,
382 962 547 1038 ThomaS,
575 961 782 1026 venerabilis
808 959 1071 1025 Cantuariensis
1092 958 1274 1041 archiepi-

307 1068 648 1144 scopus,antequam
671 1060 715 1123 ad
730 1057 896 1141 Angliam
913 1058 1166 1136 transfretaret,
1184 1058 1259 1122 Ro-

308 1180 399 1226 mam
420 1160 527 1237 misit,
549 1160 687 1223 domino
710 1178 810 1241 papae
830 1156 1161 1240 denuntians'quod
1182 1177 1260 1222 cum

308 1276 390 1342 rege
406 1257 601 1341 Anglorum
627 1258 769 1341 pacifice
789 1259 1018 1323 convenisset.
1076 1256 1177 1339 Papa
1198 1277 1272 1321 an·-

309 1366 378 1424 tem
401 1357 526 1425 Deum
542 1357 750 1440 glorificans
764 1359 884 1424 literas
909 1358 942 1422 ei
965 1357 1155 1442 rescripsit,
1181 1376 1261 1440 quae

144 1471 289 1512 astruunt
309 1465 524 1540 sequuntur;
543 1456 749 1522 ‘Anxietate
764 1458 877 1522 cordis
889 1465 924 1521 et
937 1457 1167 1520 amaritudine
1181 1476 1261 1539 pre·

146 1526 264 1611 Βοῖἷιῖῗοπ
309 1558 437 1637 mimur
456 1577 534 1620 cum
555 1558 748 1639 angustias,
768 1575 873 1621 onera
892 1564 928 1620 et
945 1557 1160 1638 gravamina,
1182 1577 1262 1640 quae

147 1620 283 1712 lliffiml
310 1657 385 1720 zelo
398 1656 546 1739 justitiae
562 1664 598 1721 et
612 1677 675 1743 pro
691 1657 851 1736 libertate
866 1656 1020 1721 ecclesiae
1036 1663 1264 1720 manutenen-

311 1757 356 1820 da
378 1775 479 1837 aequo
506 1757 621 1820 animo
647 1763 683 1820 et
708 1755 838 1820 invicta
862 1754 1063 1820 fortitudine
1090 1756 1264 1834 tolerasti,

311 1856 355 1922 ad
382 1856 580 1919 memoriam
610 1856 804 1919 reducimus
829 1863 865 1920 et
892 1855 1115 1919 meditatione
1140 1855 1265 1919 sedula

262 2003 268 2012 ,
310 1956 505 2037 cogitamus
518 1975 526 2034 3
539 1962 787 2032 veruntamen,
806 1961 846 2018 ut
865 1955 902 2017 in
919 1962 955 2018 te
972 1955 1111 2019 virtutis
1130 1954 1265 2037 perfec-

311 2055 449 2118 tionem.
463 2054 681 2136 adimpleres,
702 2075 771 2118 non
793 2053 938 2135 potuisti
959 2052 1072 2135 frangi
1091 2054 1263 2132 adversiS,

311 2173 374 2218 nec
398 2160 514 2235 atuae
540 2155 745 2217 constantiae
770 2153 948 2237 proposito
972 2154 1136 2231 amoveri,
1164 2161 1263 2218 tuam

311 2272 415 2336 super
438 2252 502 2316 hoc
524 2253 762 2318 admirandam
782 2253 1061 2316 commendamus
1084 2253 1263 2331 virtutem,

311 2359 348 2416 et
364 2353 426 2417 tibi
440 2372 547 2434 super
560 2359 659 2417 tanta
675 2352 845 2438 patientia
858 2352 894 2415 in
911 2353 1062 2417 Domino
1075 2353 1262 2435 plurimum

312 2452 593 2534 congaudemus..
614 2451 800 2530 Caeterum,
816 2452 979 2535 quoniam
996 2465 1110 2534 regem
1125 2451 1264 2535 Anglo·

312 2559 393 2615 rum
409 2552 539 2616 diutius
564 2553 601 2614 in
623 2553 792 2634 patientia
812 2558 848 2615 et
869 2551 1084 2633 benignitate
1105 2545 1263 2634 portavi·

221 2711 223 2716 .
312 2670 402 2728 mus,
422 2658 457 2715 et
475 2651 613 2715 blandis
637 2651 863 2734 dulcibusque
881 2651 1012 2728 verbis,
1028 2658 1064 2716 et
1085 2652 1262 2717 interdum

312 2750 407 2814 duris
433 2757 468 2814 et
493 2751 638 2832 asperiS,
662 2760 702 2814 ut
722 2751 768 2815 ad
795 2770 833 2814 se
859 2751 986 2816 rediret
1009 2769 1102 2832 saepe
1125 2753 1264 2816 monniss

312 2869 415 2927 mus„
430 2851 460 2914 si
489 2869 621 2932 pacem,
651 2869 770 2931 quamv
785 2857 900 2914 tecum
928 2848 1022 2928 feeit,
1052 2853 1263 2916 executione

311 2950 425 3031 operis
445 2970 514 3013 non
534 2949 740 3031 impleverit,
761 2956 796 3014 et
814 2949 877 3014 tibi
898 2969 939 3013 ac
960 2949 1030 3014 tuis
1050 2957 1086 3014 et
1105 2941 1263 3015 ecclesiae

311 3055 381 3112 tuae
412 3048 648 3132 possessiones
673 3056 708 3113 et
732 3048 880 3113 honores
907 3049 1042 3113 ablatos
1067 3069 1138 3115 non
1162 3051 1265 3115 resti·

310 3149 427 3227 tuerit,
453 3149 516 3214 tibi
542 3139 680 3230 plenam
710 3149 952 3213 auctoritatem
978 3149 1199 3215 concedimus
1226 3151 1285 3215 in.

310 3267 488 3329 personas,
504 3254 540 3311 et
568 3247 604 3310 in
634 3248 723 3324 loca,
749 3267 828 3330 qnae
857 3248 901 3311 ad
925 3255 1021 3312 tuam
1050 3248 1262 3330 legationem

309 3348 495 3429 pertinent,
513 3347 780 3412 ecclesiasticam
795 3346 967 3430 justitiam
991 3366 1164 3427 exercere,
1186 3341 1263 3414 nulss

309 3445 377 3514 lius
389 3446 572 3511 ,obstaculo
590 3447 832 3529 appellationis
847 3444 1029 3511 obstante!

309 3617 359 3682 De
373 3621 507 3684 adorata
529 3618 609 3685 beati
628 3621 757 3700 Tlomae,
774 3623 1011 3687 Cantaurianos
1026 3621 1264 3707 arciepiscopi,

597 3720 632 3785 ia
647 3721 800 3807 Angliam
815 3721 853 3786 ab
868 3722 970 3789 acilio.

148 3865 229 3905 aare
361 3839 442 3906 Hac
458 3842 567 3924 igitur
582 3845 769 3909 securitate
785 3852 857 3909 tam
873 3866 894 3910 a
911 3865 1003 3928 papa
1019 3864 1123 3928 quam
1141 3865 1164 3909 a
1180 3867 1264 3929 rege

146 3922 231 3955 returns
239 3919 262 3956 to

148 3966 256 4017 augona
308 3949 463 4024 accepta,
489 3935 540 4006 ¹in
566 3941 729 4024 Angliam
759 3945 862 4010 rediit
886 3947 979 4010 etin
1010 3945 1168 4010 kalendis
1191 3946 1265 4012 De-

345 4125 533 4188 ¹1a-Angtiam
550 4127 658 4189 rediit]
676 4127 770 4176 Whilst
794 4126 898 4176 warned
915 4126 977 4175 from
994 4126 1037 4175 the
1054 4131 1131 4175 count
1147 4127 1178 4175 of
1194 4129 1266 4177 Bou·

308 4196 414 4259 waiting
435 4196 536 4248 forthe.
552 4197 643 4260 rossel,
663 4197 694 4246 he
714 4211 769 4247 was
794 4198 878 4261 logne,
894 4198 928 4258 by
945 4196 1021 4260 Milo,
1036 4201 1062 4245 to
1078 4196 1138 4245 look
1156 4201 1182 4246 to
1198 4198 1264 4248 bim-
