2820 4882
333 420 473 468 ruonns
497 423 765 476 ntsroaranuu.
966 405 1034 475 137

72 594 119 638 ex
151 577 279 640 nostris
303 577 368 641 viri
394 578 539 657 nobiles,
567 579 758 647 Gilibertus
783 585 826 648 de
852 584 968 648 Treta
993 589 1029 646 et
1043 603 1166 643 annon.

75 673 250 740 Aicardus
274 670 330 740 ¹de
366 677 489 742 Monte
525 680 650 759 Merla,
688 683 748 746 alii
786 692 901 747 autem
937 682 1028 764 apud
1042 653 1195 743 diffidis.

73 773 217 858 Joppen
243 776 432 841 incolumes
461 791 704 860 pervenerunt,
729 791 764 846 et
785 785 835 847 sic
852 782 931 846 inde
952 803 1031 847 cum

76 876 171 937 omni
203 877 399 940 substantia
429 896 494 941 sua
523 877 805 967 Hierosolymam
836 891 918 946 sunt
947 901 1030 945 con·

76 973 186 1050 ducti,
212 976 272 1039 ubi
298 995 320 1039 a
345 976 539 1058 legionibus
567 981 758 1061 gaudenter
784 984 922 1064 excepti
949 1001 1030 1045 con-

76 1074 285 1138 solationem
302 1077 425 1140 castris
441 1095 510 1140 non
524 1080 693 1144 modicam
711 1083 914 1146 attulerunt.

130 1257 295 1321 Mechiris
312 1258 504 1335 commate,
520 1258 632 1322 cinitot
647 1258 759 1321 iterum
774 1256 987 1341 impcpantur.

131 1379 290 1464 Cumque
319 1402 381 1464 per
413 1402 566 1447 mensem
598 1402 703 1445 unum
734 1382 827 1444 circa
855 1379 1031 1443 machinas
1045 1408 1176 1448 naemu

76 1479 277 1544 laborantes
300 1481 344 1544 ad
368 1483 499 1563 negotii
516 1482 845 1546 consummationem
866 1500 1031 1561 pervene·
1044 1459 1131 1500 “⁸⁸⁰¹‘'

77 1586 172 1656 runt,
190 1580 322 1662 placuit
341 1582 512 1664 episcopis
527 1589 563 1645 et
578 1582 792 1664 sapientibus
807 1580 849 1643 de
864 1581 1031 1656 exercitu,

78 1686 118 1742 nt
138 1680 231 1742 inter
250 1700 367 1743 omnes
387 1700 458 1763 pax
479 1681 733 1758 reformaretur,
748 1680 884 1764 jejunia
897 1679 1031 1756 fierent,

78 1780 319 1860 processiones
342 1781 445 1844 etiam
468 1801 545 1844 cum
567 1781 781 1846 orationibus
803 1780 939 1844 devotis
954 1779 974 1857 ;“
997 1787 1032 1843 et

77 1879 129 1940 sic
153 1879 210 1942 die
237 1885 381 1956 statuto,
400 1879 454 1944 his
476 1883 636 1944 omnibus
653 1882 719 1945 rite
739 1879 900 1962 peractis,
921 1878 1032 1942 adfuit

78 1979 338 2059 peregrinorum
369 1980 474 2043 armis
501 1982 673 2045 instructa
694 1980 737 2044 ad
759 1980 878 2042 urbem
900 1997 1033 2060 oppug-

81 2077 231 2140 nandam
254 2078 396 2160 copiosa
419 2080 615 2159 multitudo,
635 2100 741 2144 unum
764 2098 882 2141 omnes
905 2077 1033 2140 haben-

80 2176 167 2239 tium
191 2179 420 2259 propositum,
443 2188 505 2243 aut
523 2181 655 2243 animas
671 2199 735 2262 pro
751 2177 891 2241 Christo
906 2196 1033 2258 ponere

81 2283 143 2339 aut
158 2278 278 2340 urbem
296 2277 505 2343 Christianae
522 2280 703 2344 restituere
721 2277 884 2341 libertati.
922 2276 1033 2340 Acce-

82 2375 203 2440 dentes
229 2377 337 2459 igitur
370 2376 414 2440 ad
444 2398 597 2461 pugnam
629 2379 780 2443 universi
811 2396 909 2440 muro
943 2377 1032 2439 nite·

79 2476 209 2540 bantur
234 2476 412 2541 machinas
438 2479 627 2561 applicare,
655 2487 694 2542 ut
726 2477 861 2541 facilius
887 2474 1032 2552 Turcos,

79 2576 138 2657 qui
153 2577 191 2638 in
206 2576 358 2640 turribus
374 2586 409 2641 et
425 2580 696 2660 propugnaculis
713 2576 938 2652 rebellabant,
952 2594 1033 2657 pos-

79 2682 158 2738 sent
184 2675 326 2738 liberius
355 2676 582 2758 impugnare;
615 2686 652 2742 at
681 2679 776 2741 cives
803 2675 948 2738 viriliter
980 2695 1030 2738 re·

80 2776 257 2852 sistentes,
279 2775 425 2839 telorum
444 2776 558 2859 jactu,
580 2778 788 2859 sagittarum
810 2774 930 2851 imbre,
946 2773 1034 2857 lapi-

80 2873 162 2937 durn
189 2875 409 2938 contorsione
436 2895 481 2938 ex
506 2877 674 2940 machinis
698 2874 929 2961 jaculatoriis,
955 2895 1033 2938 cum

79 2973 253 3037 horrendo
282 2973 413 3056 impetu
445 2978 710 3058 retorquebant3
754 2974 874 3050 nostri,
903 2994 921 3036 e
950 2994 1033 3037 con·

80 3075 202 3150 uario,
230 3074 379 3156 protecti
398 3073 529 3157 clypeis
555 3083 591 3140 et
612 3077 764 3139 cratibus
782 3073 939 3157 objectis,
963 3082 1033 3136 tam

80 3175 232 3236 arcubus
268 3193 373 3256 quam
412 3174 560 3251 balistis,
595 3176 665 3239 tela
701 3174 933 3249 remittebant,
966 3171 1035 3235 sre-

82 3273 226 3355 quentia
264 3280 300 3337 et
337 3273 525 3355 pugillaria
561 3280 830 3357 contorquentes
866 3289 955 3334 saxa
990 3271 1034 3334 ad

82 3392 218 3436 murum
244 3372 407 3444 accedere
435 3374 646 3452 nitebantur,
671 3376 714 3437 iis
740 3373 799 3455 qui
825 3372 861 3433 in
884 3370 1035 3434 turribus

81 3481 182 3536 erant
208 3472 361 3554 requiem
387 3473 630 3538 subtrahentes
659 3481 695 3538 et
725 3470 906 3535 audaciam
934 3471 1037 3534 resis-

82 3572 190 3636 tendi.
243 3570 316 3642 Alii
331 3591 413 3636 vero
435 3572 527 3636 infra
548 3574 726 3637 machinas
743 3580 778 3635 et
795 3571 940 3634 castella
956 3589 1038 3633 con-

82 3671 209 3749 stituti,
226 3690 305 3734 curn
321 3673 483 3754 petrariis
499 3687 535 3737 et
552 3673 744 3737 trubuculis
759 3671 907 3735 molares
924 3670 1036 3733 maxi-

84 3791 157 3835 mos
183 3778 220 3834 et
242 3771 376 3853 lapides
400 3771 587 3838 damnosos
618 3774 662 3837 ad
686 3772 816 3836 moenia
837 3771 1037 3852 dirigentes,

84 3871 161 3954 ipsa
188 3870 368 3935 collisione
385 3872 526 3936 assidua
546 3881 581 3937 et
596 3873 723 3937 ictibus
740 3870 962 3953 ingeminatis
979 3868 1038 3933 de·

83 3971 221 4036 bilitare
244 3978 280 4034 et
300 3970 344 4033 ad
370 3990 488 4036 casum
516 3972 693 4056 impellere
721 3971 948 4053 satagebant3
980 3970 1040 4036 alii

85 4089 161 4133 cnm
180 4070 371 4134 minoribns
385 4072 553 4136 machinis
571 4073 704 4156 lapides
719 4073 865 4136 leviores
886 4069 930 4133 ad
948 4069 1038 4148 illos,

86 4171 142 4252 qui
169 4170 207 4233 in
231 4173 502 4254 propugnaculis
528 4175 682 4252 stabant,
707 4178 987 4252 contorquentes,
1016 4189 1039 4233 a
