2820 4882
332 365 377 429 90
426 431 429 436 ,
584 381 718 429 noorai
743 381 790 428 nn
812 379 1020 428 wranovna

174 555 295 597 anua.
334 539 427 603 iridi.
486 538 662 605 Rohertus
692 540 766 604 dux
799 538 834 603 N
837 558 1080 603 ermannornm
1112 536 1288 621 quandam

172 607 428 721 diffitemur
450 640 569 702 urbem
594 637 714 705 Arena
741 647 915 716 vocatam,
939 645 975 703 et
1000 638 1096 702 dedit
1118 657 1195 701 eam
1222 656 1290 701 suo

336 739 437 803 militi
454 738 615 804 Simeoni.
669 740 753 804 Dux
771 739 997 803 Boamundus
1017 745 1053 802 et
1071 756 1185 802 comes
1203 736 1290 800 Rei·

336 839 485 901 mundus
509 845 674 921 ceperunt
701 839 806 902 aliam
829 840 960 917 urbem,
984 858 1089 922 quam
1112 837 1220 901 Petro
1243 836 1289 899 de

338 936 487 1020 Alpibus
510 938 755 1018 contulerunt3
781 938 860 1001 inde
877 939 921 1002 ad
940 938 1046 1002 Oxan
1065 937 1211 1021 profecti
1227 955 1289 998 ur·

336 1038 414 1100 bem
440 1038 673 1115 obtinuerunt,
699 1045 734 1102 et
763 1037 890 1101 Petrus
916 1038 959 1102 de
987 1032 1169 1104 Russillnn
1194 1035 1290 1118 cepit

338 1136 467 1200 Rufam
482 1144 518 1201 et
533 1137 682 1220 plurima
697 1136 842 1201 castella
857 1138 1006 1219 subegit.
1048 1135 1195 1200 Guelsus
1212 1135 1288 1218 qni-

337 1236 429 1314 dam,
456 1237 597 1301 natione
622 1237 846 1319 Burgundus,
863 1234 1000 1302 Adama
1021 1237 1141 1300 urbem
1166 1234 1289 1317 subju-

337 1336 446 1417 gavit,
472 1343 509 1400 et
532 1336 749 1400 Tanoredum
775 1337 1073 1419 supervenientem
1098 1337 1135 1399 in
1160 1354 1202 1399 ea
1227 1335 1290 1396 be·
1380 1395 1384 1402 .

337 1428 441 1516 nigne
450 1436 614 1518 suscepit.
646 1436 847 1501 Tancredus
859 1435 941 1500 inde
950 1436 1125 1519 profectus
1141 1428 1289 1501 ¹Maun·

337 1540 446 1599 stram
462 1536 569 1612 venit,
591 1543 638 1613 et,
656 1535 780 1600 Turcis
799 1536 1001 1612 interfectis,
1025 1536 1145 1600 urbem
1168 1533 1291 1617 subju-

338 1635 436 1716 gavit
450 1654 458 1712 ;
481 1635 561 1699 inde
577 1636 621 1699 ad
636 1635 803 1700 minorem
812 1634 1060 1699 Alexandriam
1076 1633 1290 1699 descendens

338 1734 458 1797 urbem
480 1735 630 1800 obtinuit
652 1742 688 1799 et
702 1734 916 1818 provinciam
930 1735 997 1800 sibi
1013 1742 1123 1799 totam
1138 1734 1289 1816 subegit

339 1833 575 1912 Baldewinus,
595 1835 703 1899 frater
727 1834 825 1898 ducis
842 1834 1034 1913 Godefridi,
1059 1835 1103 1898 ad
1121 1835 1289 1918 majorem

339 1952 515 1998 reversum
536 1935 738 2012 exercitum,
759 1941 940 2018 assumpta
958 1934 1094 2011 militia,
1112 1935 1150 1998 in
1170 1940 1290 2017 partes

339 2035 627 2116 septentrionales
642 2033 831 2112 descendit,
849 2041 885 2099 et
906 2035 1082 2117 regionem
1103 2040 1214 2098 totam
1231 2053 1292 2097 ns·

340 2153 408 2216 que
440 2134 485 2198 ad
514 2134 727 2217 Euphratem
751 2135 789 2197 in
811 2153 877 2198 sua
903 2134 987 2218 jura
1017 2134 1167 2217 recepit:
1202 2133 1293 2197 exiit

341 2252 424 2313 ergo
449 2234 544 2297 fama
572 2234 649 2318 ejus
676 2233 720 2297 ad
742 2233 836 2298 cives
866 2233 1075 2312 Edessanos‚
1103 2234 1163 2316 qui
1193 2240 1292 2298 trans

341 2333 469 2397 flumen
482 2333 702 2411 habitabant,
717 2333 809 2416 quod
825 2339 944 2398 tantus
959 2335 1120 2417 princeps
1133 2333 1292 2415 degente

342 2432 529 2497 occidentis
542 2432 743 2510 advenerat,
756 2426 835 2517 ²qui
847 2440 1011 2498 vocantes
1023 2454 1102 2498 eum
1116 2433 1292 2499 humiliter

342 2532 526 2612 rogabant,
540 2539 579 2596 ut
601 2533 667 2596 sibi
691 2540 727 2597 et
749 2553 823 2596 suae
844 2532 979 2598 civitati
1000 2552 1150 2616 praeesse
1166 2533 1293 2622 ,digna-

343 2637 449 2695 retur.
500 2625 584 2696 ³Est
598 2640 715 2698 autem
732 2632 864 2697 Edessa
882 2633 1007 2697 nobilis
1026 2633 1293 2716 Mesopotamiae

343 2731 479 2808 civitas,
507 2752 585 2815 quae
612 2732 682 2796 alio
704 2733 843 2797 nomine
861 2733 986 2814 Rages
1012 2733 1219 2816 appellatur,
1246 2734 1293 2797 ad

344 2849 449 2912 quam
474 2830 604 2895 Tobias
628 2833 742 2897 senior
759 2832 906 2897 Tobiam
927 2823 1036 2897 lilium
1058 2853 1159 2897 suum
1186 2833 1294 2912 misit,

343 2936 384 2993 ut
399 2949 422 2994 a
438 2929 572 2997 Gabelo
588 2940 737 3013 cognato
752 2951 817 2997 suo
834 2940 1031 3016 reposceret
1050 2932 1168 2996 decem
1182 2933 1294 2997 talen·

344 3036 401 3109 ta3
431 3032 475 3095 ad
498 3030 587 3095 hanc
609 3032 751 3096 veniens
777 3033 1012 3110 Baldewinus,
1039 3051 1061 3096 a
1085 3032 1172 3096 duce
1197 3033 1293 3098 urhis

344 3136 380 3195 et
411 3130 541 3213 populo
575 3131 755 3220 uniuerso¹
775 3151 853 3196 cum
889 3130 1001 3214 gloria
1026 3131 1228 3215 suscipitur
1258 3140 1294 3198 et

282 3235 284 3238 ’
343 3229 482 3295 honore.
525 3230 613 3305 Inde
628 3233 748 3296 urbem
765 3231 983 3296 Samosatam
997 3231 1198 3309 adveniens,
1213 3252 1295 3297 cum

342 3329 487 3396 vidisset
510 3349 586 3395 eam
611 3332 711 3414 quasi
736 3332 1051 3414 inexpugnabilem,
1075 3332 1166 3397 datis
1192 3351 1294 3396 aure-

344 3449 443 3493 orum
454 3431 571 3495 decem
585 3431 750 3509 millibus,
767 3433 850 3495 emit
861 3451 937 3495 eam
948 3451 971 3496 a
986 3432 1072 3496 duce
1090 3431 1242 3497 civitatis
1258 3439 1295 3496 et

343 3528 380 3592 in
395 3549 460 3594 sua
477 3531 560 3613 jura
574 3531 723 3613 recepit3
750 3537 786 3595 et
799 3531 879 3594 inde
895 3532 940 3594 ad
959 3531 1159 3613 Sororgiam
1180 3539 1295 3597 trans-

378 3746 806 3814 ¹Maunrtram.]‘Mamistram,’C.
832 3751 922 3800 reader
943 3766 1003 3812 may
1017 3750 1069 3798 find
1088 3765 1106 3799 a
1122 3749 1234 3801 detailed
1253 3765 1297 3802 ac·

296 3883 301 3892 .
380 3816 446 3875 ’Qui
465 3820 666 3884 decantarem]
692 3820 746 3870 The
764 3836 807 3884 go·
833 3821 945 3870 countof
953 3821 995 3870 the
1004 3820 1143 3870 revolution
1151 3819 1180 3869 oi
1187 3820 1296 3884 Edessa,

345 3903 434 3937 vcrnor
444 3889 473 3937 of
480 3890 579 3939 Edessa
590 3894 616 3939 at
626 3890 677 3938 this
684 3892 744 3939 time
752 3904 807 3939 was
833 3891 955 3940 collected
968 3890 1031 3940 from
1042 3891 1133 3940 Albert
1144 3889 1173 3938 of
1182 3891 1234 3940 Aix
1245 3892 1296 3940 and

344 3958 484 4020 Theodora,
505 3975 533 4008 or
554 3960 658 4022 Ther-os,
677 3974 694 4008 a
711 3959 808 4021 Greek,
832 3961 903 4010 Will.
926 3961 955 4009 of
979 3961 1056 4023 Tyro,
1077 3961 1212 4022 compared
1232 3962 1296 4011 with

344 4027 435 4088 placed
454 4028 523 4078 there
543 4030 636 4092 hythe
653 4045 766 4093 emperor
782 4030 811 4079 of
833 4031 958 4081 Matthew
968 4031 997 4080 of
1005 4031 1113 4081 Edessa.

344 4097 559 4159 Constantinople.
595 4100 807 4164 Michaud‚Hist.
869 4098 1154 4162 meorumnam]
1171 4098 1297 4163 Compare

344 4166 390 4218 des
409 4165 492 4219 Orois.
510 4169 528 4221 i.
543 4185 570 4231 p.
585 4174 644 4233 254,
661 4171 746 4220 where
765 4171 807 4220 the
833 4172 888 4222 also
900 4172 971 4222 Will.
983 4170 1133 4234 olTyrap.
1145 4173 1202 4221 682.
