2820 4882
384 408 519 458 rnonns
543 408 812 457 ursrorunrrun.
1008 391 1074 456 355

123 565 212 629 dixit
229 566 274 629 ad
292 585 421 648 regem,
443 565 511 629 ‘ln
526 566 656 631 honore
674 565 741 629 Dei
755 586 818 630 vos
833 565 993 643 osculor,'
1010 587 1072 630 rex
1085 581 1140 621 ab·
1152 581 1208 622 11⁷⁰·

122 665 265 730 recessit
291 666 335 728 ab
363 665 482 729 osculo
509 667 609 748 qnasi
633 664 911 730 conditionaliter
934 667 1072 730 involu-

123 772 191 842 tus,
211 783 292 828 nam
311 784 373 828 rex
390 783 526 846 semper
545 765 582 827 in
596 766 711 829 verbis
728 764 978 849 archiepiscopi
993 785 1072 830 con·

122 864 303 929 scientiam
333 863 493 928 habentis
526 864 745 945 purissimam
778 864 948 946 quasdam
978 865 1072 929 clau-

122 963 218 1027 sulas
237 964 459 1040 causabatur,
475 963 648 1040 videlicet,
668 982 759 1026 nunc
783 955 809 997 ¹⁴
824 963 923 1028 salvo
942 963 1072 1029 honore

125 1062 216 1140 Dei,’
239 1083 331 1127 nunc
348 1063 472 1127 ‘salvo
492 1062 612 1127 ordine
632 1060 732 1138 meo,'
752 1081 842 1125 nunc
866 1063 990 1127 ‘salva
1007 1063 1074 1127 fide

122 1162 192 1228 Dei
205 1162 226 1242 ;’
255 1162 535 1247 archiepiscopus
557 1182 639 1227 vero
665 1161 757 1243 regis
777 1161 932 1225 cautelas
953 1161 1074 1226 habuit

122 1281 259 1345 semper
274 1270 468 1345 suspectae,
483 1283 536 1339 ne,
554 1262 584 1324 si
601 1260 819 1325 concordiam
834 1261 992 1325 absolute
1008 1261 1074 1324 ini·

123 1368 189 1438 ret,
204 1362 342 1445 iniquas
358 1362 499 1444 Angliae
515 1361 784 1427 consuetudines
801 1361 875 1442 regi
888 1359 1074 1425 concedere

123 1460 309 1528 videretur.

144 1633 195 1698 Do
209 1633 372 1701 concordio
378 1633 475 1719 sacta
490 1634 572 1698 inter
586 1654 684 1720 repam
702 1634 879 1699 Hccricom
893 1641 921 1698 et
936 1631 1055 1699 balma

244 1732 402 1812 l'domdan,
420 1733 671 1798 Oaclaoriccscm
687 1733 960 1819 credimisapasm.

177 1849 439 1921 Convenerunt²
452 1855 577 1921 iterum
593 1876 656 1919 rex
672 1856 886 1921 Francorum
899 1876 977 1920 enm
995 1875 1077 1937 rege
1088 1871 1218 1912 amnent-

125 1953 323 2037 Anglorum
339 1964 375 2022 et
388 1955 578 2032 Willelmo,
598 1954 788 2021 Senonensi
806 1923 1206 2062 archiepiscopaissilffiii?

126 2062 163 2120 et
184 2049 364 2138 ³episcop0
386 2053 609 2132 Nivemensi,
633 2057 725 2139 apud
747 2055 1076 2133 Fractam·vallem;
1107 2034 1131 2063 ‘⁰
1170 2051 1175 2062 '

124 2175 204 2220 cum
226 2162 343 2221 autem
365 2173 428 2219 rex
449 2161 485 2219 et
506 2154 786 2238 archiepiscopus
809 2156 845 2218 in
868 2163 1001 2238 partem
1023 2173 1079 2219 se·

127 2255 326 2332 cessissent,
344 2255 464 2336 bisque
485 2253 742 2319 descendissent
762 2262 798 2319 et
818 2255 871 2319 bis
890 2274 997 2337 equos
1021 2273 1078 2318 as·

127 2354 336 2432 cendissent,
358 2353 412 2418 bis
434 2352 594 2436 stapham
617 2355 866 2438 archiepiscopi
889 2373 951 2417 rex
966 2354 1079 2417 tenuit

127 2473 207 2518 cum
228 2473 354 2536 equum
377 2453 612 2533 ascendisset;
635 2455 696 2518 sed
718 2454 858 2518 tandem
880 2454 972 2536 apud
992 2450 1077 2517 Am·

127 2553 276 2630 barium,
298 2559 505 2636 procurante
532 2552 703 2632 Rotrodo,
723 2553 999 2636 Rothomagensi
1022 2571 1077 2616 ar·

126 2651 357 2734 chiepiscopo,
372 2670 435 2715 rex
450 2659 485 2717 et
502 2652 668 2731 Thomas,
687 2653 964 2737 archiepiscopus
986 2651 1079 2716 Can·

128 2751 325 2829 tuariensis,
350 2751 569 2817 concordiam
590 2754 753 2831 inierunt,
776 2760 823 2832 et,
848 2772 934 2836 pace
955 2753 1079 2817 confir-

127 2858 236 2929 mata,
251 2871 315 2916 rex
331 2851 506 2916 Henricus
523 2853 661 2934 scripsit
679 2852 835 2917 Henrico
852 2853 924 2917 filio
941 2871 1004 2916 suo
1020 2871 1080 2915 no·

128 2971 175 3015 vo
192 2950 266 3032 regi
284 2950 403 3016 literas
419 2951 457 3015 in
472 2951 547 3016 haec
561 2953 687 3032 verba3
711 2952 858 3015 ‘Sciatis
878 2951 969 3033 qnod
988 2950 1082 3038 Tho·

127 3069 220 3128 mas,
239 3049 502 3117 cantuariensis
531 3051 821 3133 archiepiscopus,
856 3069 976 3131 pacem
1008 3068 1080 3112 me·

129 3170 209 3214 cum
223 3149 306 3216 fecit
321 3149 366 3216 ad
381 3151 599 3216 voluntatem
616 3170 740 3227 meam,
758 3156 793 3213 et
807 3148 886 3213 ideo
902 3148 1079 3231 praecipio,

129 3258 170 3315 ut
183 3251 260 3332 ipse
274 3257 310 3314 et
323 3269 444 3317 omnes
458 3251 513 3315 sui
526 3269 646 3332 pacem
663 3249 829 3328 habeant3
848 3255 884 3313 ct
898 3247 1034 3312 faciatis
1049 3249 1082 3313 ei

129 3349 258 3414 habere
273 3357 309 3414 et
320 3350 405 3428 suis,
418 3349 478 3431 qui
493 3367 556 3432 pro
573 3370 615 3414 eo
630 3350 790 3414 exierunt
801 3350 845 3413 ab
856 3346 998 3433 Anglia,
1011 3366 1082 3410 om·

131 3469 193 3512 nes
212 3467 267 3513 res
287 3462 371 3513 suas
392 3451 479 3515 bene
498 3456 534 3513 et
555 3449 592 3513 in
611 3469 697 3532 pace
720 3458 755 3515 et
776 3447 974 3524 honorifice,
993 3446 1083 3510 sicut

131 3548 327 3612 habuerunt
353 3549 462 3613 tribus
490 3549 663 3613 mensibus
692 3556 877 3631 antequam
905 3547 1017 3610 exiret
1039 3547 1083 3609 ab

133 3637 281 3730 Angliass
301 3655 336 3712 et
351 3647 488 3712 faciatis
504 3648 620 3712 venire
636 3668 752 3713 coram
767 3647 866 3712 vobis
881 3647 923 3709 de
937 3644 1085 3708 meliori·

131 3749 197 3811 bus
215 3754 250 3810 et
267 3741 519 3830 antiquioribus
536 3747 701 3826 militibus
716 3748 759 3811 de
775 3747 905 3810 honore
920 3744 963 3808 de
980 3737 1085 3807 4Salt-

169 3923 177 3954 ¹
189 3924 287 3987 Salva]
305 3924 429 3987 Compare
448 3923 598 3987 Quadrilog.
622 3924 785 3973 instructions
797 3923 870 3985 given
881 3921 948 3970 them
959 3921 994 3980 by
1004 3919 1086 3968 Bech-

131 4010 177 4058 pp.
189 3997 231 4056 95,
243 3997 300 4044 rol.
624 3999 659 4056 et,
676 3993 702 4042 in
719 4007 735 4041 a
751 3993 824 4042 letter
836 3991 936 4039 written
952 3991 986 4050 by
998 3988 1050 4036 him
1060 3993 1087 4037 to

168 4062 395 4128 'Convenemnt.]
425 4065 528 4128 Diceto,
552 4065 600 4114 col.
625 4064 667 4112 the
689 4062 779 4123 bishop
799 4061 828 4110 of
848 4061 946 4108 Nevers
970 4058 1088 4108 undere

133 4139 191 4186 552.
625 4134 727 4194 ieigned
738 4145 825 4190 name3
843 4131 888 4179 lib.
899 4145 925 4179 v.
936 4143 978 4190 ep.
989 4128 1036 4179 xii.

170 4203 306 4270 3Ερίιισορο
316 4200 489 4272 Niceratus]
501 4204 548 4254 See
560 4204 602 4253 the
660 4201 669 4230 ⁴
680 4201 823 4264 Soltwodc]
840 4195 986 4263 ‘Sultwde,’
997 4200 1028 4250 G.

914 4289 984 4334 hah
