<?xml version="1.0" encoding="UTF-8"?>
<!DOCTYPE html PUBLIC "-//W3C//DTD XHTML 1.0 Transitional//EN"
    "http://www.w3.org/TR/xhtml1/DTD/xhtml1-transitional.dtd">
<html xmlns="http://www.w3.org/1999/xhtml" xml:lang="en" lang="en">
 <head>
  <title>
</title>
<meta http-equiv="Content-Type" content="text/html;charset=utf-8" />
  <meta name='ocr-system' content='tesseract 3.04.00' />
  <meta name='ocr-capabilities' content='ocr_page ocr_carea ocr_par ocr_line ocrx_word'/>
</head>
<body>
  <div class='ocr_page' id='page_1' title='image "./rogeridewendove01rogegoog_0135.png"; bbox 0 0 2820 4882; ppageno 0'>
   <div class='ocr_carea' id='block_1_1' title="bbox 146 588 268 688">
    <p class='ocr_par' dir='ltr' id='par_1_1' title="bbox 146 588 268 688">
     <span class='ocr_line' id='line_1_1' title="bbox 146 588 268 629; baseline 0.016 -2"><span class='ocrx_word' id='word_1_1' title='bbox 146 588 201 628; x_wconf 70' lang='lat' dir='ltr'><strong>Ad).</strong></span> <span class='ocrx_word' id='word_1_2' title='bbox 212 591 268 629; x_wconf 76' lang='lat'><strong>1098.</strong></span> 
     </span>
     <span class='ocr_line' id='line_1_2' title="bbox 146 639 266 688; baseline -0.008 -9"><span class='ocrx_word' id='word_1_3' title='bbox 146 639 233 688; x_wconf 73' lang='lat' dir='ltr'><strong>History</strong></span> <span class='ocrx_word' id='word_1_4' title='bbox 242 639 266 678; x_wconf 82' lang='lat' dir='ltr'><strong>oi</strong></span> 
     </span>
    </p>
   </div>
   <div class='ocr_carea' id='block_1_2' title="bbox 309 397 998 462">
    <p class='ocr_par' dir='ltr' id='par_1_2' title="bbox 309 397 998 462">
     <span class='ocr_line' id='line_1_3' title="bbox 309 397 998 462; baseline -0.003 0"><span class='ocrx_word' id='word_1_5' title='bbox 309 397 374 462; x_wconf 78' lang='lat'><strong>124</strong></span> <span class='ocrx_word' id='word_1_6' title='bbox 561 413 696 460; x_wconf 82' lang='lat' dir='ltr'><strong>accunt</strong></span> <span class='ocrx_word' id='word_1_7' title='bbox 720 414 767 459; x_wconf 85' lang='lat' dir='ltr'><strong>nn</strong></span> <span class='ocrx_word' id='word_1_8' title='bbox 789 412 998 460; x_wconf 84' lang='lat' dir='ltr'><strong>wuuuovun</strong></span> 
     </span>
    </p>
   </div>
   <div class='ocr_carea' id='block_1_3' title="bbox 308 570 1259 653">
    <p class='ocr_par' dir='ltr' id='par_1_3' title="bbox 308 570 1259 653">
     <span class='ocr_line' id='line_1_4' title="bbox 308 570 1259 653; baseline 0 -19"><span class='ocrx_word' id='word_1_9' title='bbox 308 578 343 635; x_wconf 91' lang='lat' dir='ltr'><strong>et</strong></span> <span class='ocrx_word' id='word_1_10' title='bbox 352 571 494 634; x_wconf 84' lang='lat' dir='ltr'><strong>liberius</strong></span> <span class='ocrx_word' id='word_1_11' title='bbox 510 570 629 653; x_wconf 86' lang='lat' dir='ltr'><strong>fugere</strong></span> <span class='ocrx_word' id='word_1_12' title='bbox 646 578 776 653; x_wconf 88' lang='lat' dir='ltr'><strong>posset,</strong></span> <span class='ocrx_word' id='word_1_13' title='bbox 790 590 897 653; x_wconf 91' lang='lat' dir='ltr'><strong>equos</strong></span> <span class='ocrx_word' id='word_1_14' title='bbox 913 570 1078 652; x_wconf 83' lang='lat' dir='ltr'><strong>fatigatos</strong></span> <span class='ocrx_word' id='word_1_15' title='bbox 1096 570 1259 634; x_wconf 89' lang='lat' dir='ltr'><strong>deserens</strong></span> 
     </span>
    </p>
   </div>
   <div class='ocr_carea' id='block_1_4' title="bbox 146 669 1262 755">
    <p class='ocr_par' dir='ltr' id='par_1_4' title="bbox 146 669 1262 755">
     <span class='ocr_line' id='line_1_5' title="bbox 146 669 1262 755; baseline 0.009 -27"><span class='ocrx_word' id='word_1_16' title='bbox 146 689 293 730; x_wconf 59' lang='lat' dir='ltr'><strong>caecamur.</strong></span> <span class='ocrx_word' id='word_1_17' title='bbox 308 690 417 735; x_wconf 87' lang='lat' dir='ltr'><strong>novos</strong></span> <span class='ocrx_word' id='word_1_18' title='bbox 434 671 630 735; x_wconf 86' lang='lat' dir='ltr'><strong>alternatim</strong></span> <span class='ocrx_word' id='word_1_19' title='bbox 641 672 801 736; x_wconf 87' lang='lat' dir='ltr'><strong>mutavit.</strong></span> <span class='ocrx_word' id='word_1_20' title='bbox 836 669 959 734; x_wconf 87' lang='lat' dir='ltr'>Nostri</span> <span class='ocrx_word' id='word_1_21' title='bbox 975 691 1057 734; x_wconf 88' lang='lat' dir='ltr'><strong>vero</strong></span> <span class='ocrx_word' id='word_1_22' title='bbox 1073 673 1262 755; x_wconf 83' lang='lat' dir='ltr'><strong>principes,</strong></span> 
     </span>
    </p>
   </div>
   <div class='ocr_carea' id='block_1_5' title="bbox 144 1786 274 1887">
    <p class='ocr_par' dir='ltr' id='par_1_5' title="bbox 144 1786 274 1887">
     <span class='ocr_line' id='line_1_6' title="bbox 144 1786 274 1826; baseline -0.008 0"><span class='ocrx_word' id='word_1_23' title='bbox 144 1786 240 1826; x_wconf 81' lang='lat' dir='ltr'><strong>Acoount</strong></span> <span class='ocrx_word' id='word_1_24' title='bbox 249 1786 274 1825; x_wconf 79' lang='lat' dir='ltr'><strong>ot</strong></span> 
     </span>
     <span class='ocr_line' id='line_1_7' title="bbox 146 1837 261 1887; baseline -0.009 -12"><span class='ocrx_word' id='word_1_25' title='bbox 146 1837 182 1876; x_wconf 85' lang='lat' dir='ltr'><strong>the</strong></span> <span class='ocrx_word' id='word_1_26' title='bbox 191 1837 261 1887; x_wconf 79' lang='lat' dir='ltr'><strong>spoils.</strong></span> 
     </span>
    </p>
   </div>
   <div class='ocr_carea' id='block_1_6' title="bbox 308 771 1262 1437">
    <p class='ocr_par' dir='ltr' id='par_1_6' title="bbox 308 771 1262 1437">
     <span class='ocr_line' id='line_1_8' title="bbox 308 771 1259 855; baseline 0.002 -21"><span class='ocrx_word' id='word_1_27' title='bbox 308 790 474 855; x_wconf 90' lang='lat' dir='ltr'><strong>equorum</strong></span> <span class='ocrx_word' id='word_1_28' title='bbox 500 779 692 835; x_wconf 83' lang='lat' dir='ltr'><strong>metuentes</strong></span> <span class='ocrx_word' id='word_1_29' title='bbox 723 771 906 847; x_wconf 89' lang='lat' dir='ltr'><strong>desectum,</strong></span> <span class='ocrx_word' id='word_1_30' title='bbox 923 790 1003 848; x_wconf 69' lang='lat' dir='ltr'><strong>vnon</strong></span> <span class='ocrx_word' id='word_1_31' title='bbox 1033 771 1179 836; x_wconf 91' lang='lat' dir='ltr'><strong>multum</strong></span> <span class='ocrx_word' id='word_1_32' title='bbox 1204 774 1259 836; x_wconf 91' lang='lat' dir='ltr'><strong>in-</strong></span> 
     </span>
     <span class='ocr_line' id='line_1_9' title="bbox 308 869 1262 953; baseline 0.003 -19"><span class='ocrx_word' id='word_1_33' title='bbox 308 871 417 934; x_wconf 88' lang='lat' dir='ltr'><strong>secuti</strong></span> <span class='ocrx_word' id='word_1_34' title='bbox 442 879 525 934; x_wconf 88' lang='lat' dir='ltr'><strong>sunt</strong></span> <span class='ocrx_word' id='word_1_35' title='bbox 546 871 730 952; x_wconf 87' lang='lat' dir='ltr'><strong>fugientes,</strong></span> <span class='ocrx_word' id='word_1_36' title='bbox 751 877 899 953; x_wconf 86' lang='lat' dir='ltr'><strong>excepto</strong></span> <span class='ocrx_word' id='word_1_37' title='bbox 915 869 1097 935; x_wconf 87' lang='lat' dir='ltr'><strong>Tancredo</strong></span> <span class='ocrx_word' id='word_1_38' title='bbox 1122 879 1157 935; x_wconf 91' lang='lat' dir='ltr'><strong>et</strong></span> <span class='ocrx_word' id='word_1_39' title='bbox 1180 873 1262 937; x_wconf 90' lang='lat' dir='ltr'><strong>aliis</strong></span> 
     </span>
     <span class='ocr_line' id='line_1_10' title="bbox 308 971 1259 1053; baseline 0.002 -18"><span class='ocrx_word' id='word_1_40' title='bbox 308 972 440 1053; x_wconf 87' lang='lat' dir='ltr'><strong>paucis,</strong></span> <span class='ocrx_word' id='word_1_41' title='bbox 456 972 515 1053; x_wconf 92' lang='lat' dir='ltr'><strong>qui</strong></span> <span class='ocrx_word' id='word_1_42' title='bbox 532 991 642 1053; x_wconf 92' lang='lat' dir='ltr'><strong>usque</strong></span> <span class='ocrx_word' id='word_1_43' title='bbox 659 972 703 1036; x_wconf 90' lang='lat' dir='ltr'><strong>ad</strong></span> <span class='ocrx_word' id='word_1_44' title='bbox 720 971 802 1035; x_wconf 88' lang='lat' dir='ltr'><strong>solis</strong></span> <span class='ocrx_word' id='word_1_45' title='bbox 820 989 980 1034; x_wconf 89' lang='lat' dir='ltr'><strong>occasum</strong></span> <span class='ocrx_word' id='word_1_46' title='bbox 998 972 1183 1035; x_wconf 87' lang='lat' dir='ltr'><strong>sternendo</strong></span> <span class='ocrx_word' id='word_1_47' title='bbox 1198 993 1259 1037; x_wconf 89' lang='lat' dir='ltr'><strong>eos</strong></span> 
     </span>
     <span class='ocr_line' id='line_1_11' title="bbox 308 1071 1258 1153; baseline 0.002 -19"><span class='ocrx_word' id='word_1_48' title='bbox 308 1079 587 1153; x_wconf 89' lang='lat' dir='ltr'><strong>persequuntur;</strong></span> <span class='ocrx_word' id='word_1_49' title='bbox 611 1078 748 1135; x_wconf 90' lang='lat' dir='ltr'><strong>tantum</strong></span> <span class='ocrx_word' id='word_1_50' title='bbox 771 1071 861 1134; x_wconf 93' lang='lat' dir='ltr'><strong>enim</strong></span> <span class='ocrx_word' id='word_1_51' title='bbox 884 1089 1049 1153; x_wconf 89' lang='lat' dir='ltr'><strong>pavorem</strong></span> <span class='ocrx_word' id='word_1_52' title='bbox 1074 1073 1124 1134; x_wconf 92' lang='lat' dir='ltr'><strong>eis</strong></span> <span class='ocrx_word' id='word_1_53' title='bbox 1146 1074 1258 1137; x_wconf 85' lang='lat' dir='ltr'><strong>virtus</strong></span> 
     </span>
     <span class='ocr_line' id='line_1_12' title="bbox 309 1171 1259 1248; baseline 0.003 -14"><span class='ocrx_word' id='word_1_54' title='bbox 309 1171 428 1235; x_wconf 88' lang='lat' dir='ltr'><strong>divina</strong></span> <span class='ocrx_word' id='word_1_55' title='bbox 443 1172 644 1248; x_wconf 86' lang='lat' dir='ltr'><strong>immiserat,</strong></span> <span class='ocrx_word' id='word_1_56' title='bbox 659 1178 698 1235; x_wconf 93' lang='lat' dir='ltr'><strong>ut</strong></span> <span class='ocrx_word' id='word_1_57' title='bbox 712 1189 774 1234; x_wconf 92' lang='lat' dir='ltr'><strong>nec</strong></span> <span class='ocrx_word' id='word_1_58' title='bbox 792 1172 963 1247; x_wconf 87' lang='lat' dir='ltr'><strong>resistere,</strong></span> <span class='ocrx_word' id='word_1_59' title='bbox 977 1191 1040 1234; x_wconf 88' lang='lat' dir='ltr'><strong>nec</strong></span> <span class='ocrx_word' id='word_1_60' title='bbox 1056 1191 1078 1234; x_wconf 98' lang='lat' dir='ltr'><strong>a</strong></span> <span class='ocrx_word' id='word_1_61' title='bbox 1093 1191 1130 1236; x_wconf 90' lang='lat' dir='ltr'><strong>se</strong></span> <span class='ocrx_word' id='word_1_62' title='bbox 1145 1174 1259 1237; x_wconf 89' lang='lat' dir='ltr'><strong>insec-</strong></span> 
     </span>
     <span class='ocr_line' id='line_1_13' title="bbox 311 1271 1260 1354; baseline 0.002 -19"><span class='ocrx_word' id='word_1_63' title='bbox 311 1272 458 1335; x_wconf 89' lang='lat' dir='ltr'><strong>tantium</strong></span> <span class='ocrx_word' id='word_1_64' title='bbox 475 1279 618 1353; x_wconf 88' lang='lat' dir='ltr'><strong>possent</strong></span> <span class='ocrx_word' id='word_1_65' title='bbox 636 1271 782 1354; x_wconf 90' lang='lat' dir='ltr'><strong>injurias</strong></span> <span class='ocrx_word' id='word_1_66' title='bbox 799 1271 1014 1353; x_wconf 86' lang='lat' dir='ltr'><strong>propulsare,</strong></span> <span class='ocrx_word' id='word_1_67' title='bbox 1031 1271 1149 1336; x_wconf 90' lang='lat' dir='ltr'><strong>decem</strong></span> <span class='ocrx_word' id='word_1_68' title='bbox 1167 1273 1260 1338; x_wconf 88' lang='lat' dir='ltr'><strong>enim</strong></span> 
     </span>
     <span class='ocr_line' id='line_1_14' title="bbox 311 1371 1059 1437; baseline 0.003 -4"><span class='ocrx_word' id='word_1_69' title='bbox 311 1391 356 1434; x_wconf 86' lang='lat' dir='ltr'><strong>ex</strong></span> <span class='ocrx_word' id='word_1_70' title='bbox 373 1371 501 1435; x_wconf 91' lang='lat' dir='ltr'><strong>nostris</strong></span> <span class='ocrx_word' id='word_1_71' title='bbox 518 1371 636 1434; x_wconf 88' lang='lat' dir='ltr'><strong>decem</strong></span> <span class='ocrx_word' id='word_1_72' title='bbox 653 1371 763 1434; x_wconf 90' lang='lat' dir='ltr'><strong>millia</strong></span> <span class='ocrx_word' id='word_1_73' title='bbox 777 1371 984 1437; x_wconf 88' lang='lat' dir='ltr'><strong>videbantur</strong></span> <span class='ocrx_word' id='word_1_74' title='bbox 998 1373 1059 1435; x_wconf 89' lang='lat' dir='ltr'><strong>eis.</strong></span> 
     </span>
    </p>
   </div>
   <div class='ocr_carea' id='block_1_7' title="bbox 343 1542 1258 1842">
    <p class='ocr_par' dir='ltr' id='par_1_7' title="bbox 343 1542 1258 1842">
     <span class='ocr_line' id='line_1_15' title="bbox 343 1542 1223 1630; baseline 0.003 -23"><span class='ocrx_word' id='word_1_75' title='bbox 343 1545 392 1607; x_wconf 86' lang='lat' dir='ltr'><strong>De</strong></span> <span class='ocrx_word' id='word_1_76' title='bbox 408 1542 514 1628; x_wconf 74' lang='lat' dir='ltr'><strong>spoliis</strong></span> <span class='ocrx_word' id='word_1_77' title='bbox 530 1542 789 1630; x_wconf 71' lang='lat' dir='ltr'><strong>impretiabiliter</strong></span> <span class='ocrx_word' id='word_1_78' title='bbox 795 1543 989 1628; x_wconf 76' lang='lat' dir='ltr'><strong>sepientiere</strong></span> <span class='ocrx_word' id='word_1_79' title='bbox 1007 1544 1179 1609; x_wconf 73' lang='lat' dir='ltr'><strong>Terrorem</strong></span> <span class='ocrx_word' id='word_1_80' title='bbox 1193 1555 1223 1610; x_wconf 80' lang='lat' dir='ltr'><strong>et</strong></span> 
     </span>
     <span class='ocr_line' id='line_1_16' title="bbox 612 1643 950 1709; baseline -0.003 -2"><span class='ocrx_word' id='word_1_81' title='bbox 612 1644 739 1709; x_wconf 77' lang='lat' dir='ltr'><strong>tentorio</strong></span> <span class='ocrx_word' id='word_1_82' title='bbox 752 1643 950 1707; x_wconf 78' lang='lat' dir='ltr'><strong>ederireedo.</strong></span> 
     </span>
     <span class='ocr_line' id='line_1_17' title="bbox 360 1761 1258 1842; baseline 0.001 -18"><span class='ocrx_word' id='word_1_83' title='bbox 360 1761 609 1826; x_wconf 77' lang='lat' dir='ltr'><strong>consummato</strong></span> <span class='ocrx_word' id='word_1_84' title='bbox 629 1761 747 1842; x_wconf 88' lang='lat' dir='ltr'><strong>itaque</strong></span> <span class='ocrx_word' id='word_1_85' title='bbox 772 1761 923 1840; x_wconf 84' lang='lat' dir='ltr'><strong>glorioso</strong></span> <span class='ocrx_word' id='word_1_86' title='bbox 945 1767 1044 1824; x_wconf 90' lang='lat' dir='ltr'><strong>tanto</strong></span> <span class='ocrx_word' id='word_1_87' title='bbox 1059 1762 1258 1841; x_wconf 84' lang='lat' dir='ltr'><strong>certamine,</strong></span> 
     </span>
    </p>
   </div>
   <div class='ocr_carea' id='block_1_8' title="bbox 309 1860 1260 2044">
    <p class='ocr_par' dir='ltr' id='par_1_8' title="bbox 309 1860 1260 2044">
     <span class='ocr_line' id='line_1_18' title="bbox 309 1860 1260 1943; baseline 0 -19"><span class='ocrx_word' id='word_1_88' title='bbox 309 1863 439 1926; x_wconf 90' lang='lat' dir='ltr'><strong>reversi</strong></span> <span class='ocrx_word' id='word_1_89' title='bbox 456 1869 538 1925; x_wconf 88' lang='lat' dir='ltr'><strong>sunt</strong></span> <span class='ocrx_word' id='word_1_90' title='bbox 560 1861 732 1943; x_wconf 86' lang='lat' dir='ltr'><strong>principes</strong></span> <span class='ocrx_word' id='word_1_91' title='bbox 755 1861 864 1924; x_wconf 90' lang='lat' dir='ltr'><strong>nostri</strong></span> <span class='ocrx_word' id='word_1_92' title='bbox 887 1860 931 1923; x_wconf 92' lang='lat' dir='ltr'><strong>ad</strong></span> <span class='ocrx_word' id='word_1_93' title='bbox 954 1868 1071 1924; x_wconf 93' lang='lat' dir='ltr'><strong>castra</strong></span> <span class='ocrx_word' id='word_1_94' title='bbox 1092 1860 1260 1940; x_wconf 92' lang='lat' dir='ltr'><strong>hostium,</strong></span> 
     </span>
     <span class='ocr_line' id='line_1_19' title="bbox 309 1961 1260 2044; baseline 0.001 -19"><span class='ocrx_word' id='word_1_95' title='bbox 309 1962 370 2025; x_wconf 92' lang='lat' dir='ltr'><strong>ubi</strong></span> <span class='ocrx_word' id='word_1_96' title='bbox 387 1970 520 2026; x_wconf 89' lang='lat' dir='ltr'><strong>tantam</strong></span> <span class='ocrx_word' id='word_1_97' title='bbox 535 1981 647 2024; x_wconf 90' lang='lat' dir='ltr'><strong>rerum</strong></span> <span class='ocrx_word' id='word_1_98' title='bbox 662 1961 813 2024; x_wconf 91' lang='lat' dir='ltr'><strong>omnium</strong></span> <span class='ocrx_word' id='word_1_99' title='bbox 831 1961 866 2023; x_wconf 93' lang='lat' dir='ltr'><strong>in</strong></span> <span class='ocrx_word' id='word_1_100' title='bbox 879 1979 976 2037; x_wconf 93' lang='lat' dir='ltr'><strong>auro,</strong></span> <span class='ocrx_word' id='word_1_101' title='bbox 992 1968 1148 2042; x_wconf 83' lang='lat' dir='ltr'><strong>argento,</strong></span> <span class='ocrx_word' id='word_1_102' title='bbox 1164 1982 1260 2044; x_wconf 81' lang='lat' dir='ltr'><strong>gem-</strong></span> 
     </span>
    </p>
   </div>
   <div class='ocr_carea' id='block_1_9' title="bbox 205 2049 1260 2143">
    <p class='ocr_par' dir='ltr' id='par_1_9' title="bbox 205 2049 1260 2143">
     <span class='ocr_line' id='line_1_20' title="bbox 205 2049 1260 2143; baseline 0.001 -19"><span class='ocrx_word' id='word_1_103' title='bbox 205 2049 214 2057; x_wconf 39' lang='lat'><em>*</em></span> <span class='ocrx_word' id='word_1_104' title='bbox 307 2062 384 2139; x_wconf 93' lang='lat' dir='ltr'><strong>mis,</strong></span> <span class='ocrx_word' id='word_1_105' title='bbox 408 2062 621 2137; x_wconf 67' lang='lat' dir='ltr'><strong>holosericis,</strong></span> <span class='ocrx_word' id='word_1_106' title='bbox 644 2061 798 2124; x_wconf 86' lang='lat' dir='ltr'><strong>vestibus</strong></span> <span class='ocrx_word' id='word_1_107' title='bbox 826 2060 986 2143; x_wconf 78' lang='lat' dir='ltr'><strong>pretiosis</strong></span> <span class='ocrx_word' id='word_1_108' title='bbox 1018 2069 1053 2125; x_wconf 93' lang='lat' dir='ltr'><strong>et</strong></span> <span class='ocrx_word' id='word_1_109' title='bbox 1072 2063 1166 2125; x_wconf 85' lang='lat' dir='ltr'><strong>vasis</strong></span> <span class='ocrx_word' id='word_1_110' title='bbox 1192 2063 1260 2125; x_wconf 92' lang='lat' dir='ltr'><strong>im-</strong></span> 
     </span>
    </p>
   </div>
   <div class='ocr_carea' id='block_1_10' title="bbox 307 2152 1261 2442">
    <p class='ocr_par' dir='ltr' id='par_1_10' title="bbox 307 2152 1261 2442">
     <span class='ocr_line' id='line_1_21' title="bbox 307 2152 1259 2246; baseline 0.002 -22"><span class='ocrx_word' id='word_1_111' title='bbox 307 2163 546 2244; x_wconf 89' lang='lat' dir='ltr'><strong>pretiabilibus</strong></span> <span class='ocrx_word' id='word_1_112' title='bbox 578 2152 785 2225; x_wconf 84' lang='lat' dir='ltr'><strong>invenerunt</strong></span> <span class='ocrx_word' id='word_1_113' title='bbox 818 2160 1041 2243; x_wconf 84' lang='lat' dir='ltr'><strong>opulentiam,</strong></span> <span class='ocrx_word' id='word_1_114' title='bbox 1074 2171 1114 2224; x_wconf 92' lang='lat' dir='ltr'><strong>ut</strong></span> <span class='ocrx_word' id='word_1_115' title='bbox 1145 2182 1259 2246; x_wconf 89' lang='lat' dir='ltr'><strong>neque</strong></span> 
     </span>
     <span class='ocr_line' id='line_1_22' title="bbox 309 2260 1261 2343; baseline -0.001 -17"><span class='ocrx_word' id='word_1_116' title='bbox 309 2282 471 2326; x_wconf 89' lang='lat' dir='ltr'><strong>numerus</strong></span> <span class='ocrx_word' id='word_1_117' title='bbox 487 2269 579 2325; x_wconf 91' lang='lat' dir='ltr'><strong>esset</strong></span> <span class='ocrx_word' id='word_1_118' title='bbox 594 2281 705 2343; x_wconf 89' lang='lat' dir='ltr'><strong>neque</strong></span> <span class='ocrx_word' id='word_1_119' title='bbox 723 2279 895 2323; x_wconf 90' lang='lat' dir='ltr'><strong>mensura.</strong></span> <span class='ocrx_word' id='word_1_120' title='bbox 948 2260 1125 2342; x_wconf 91' lang='lat' dir='ltr'><strong>Equorum</strong></span> <span class='ocrx_word' id='word_1_121' title='bbox 1140 2263 1261 2339; x_wconf 90' lang='lat' dir='ltr'><strong>etiam,</strong></span> 
     </span>
     <span class='ocr_line' id='line_1_23' title="bbox 309 2360 1258 2442; baseline 0 -17"><span class='ocrx_word' id='word_1_122' title='bbox 309 2369 555 2437; x_wconf 88' lang='lat' dir='ltr'><strong>armentorum,</strong></span> <span class='ocrx_word' id='word_1_123' title='bbox 576 2381 733 2442; x_wconf 85' lang='lat' dir='ltr'><strong>gregum,</strong></span> <span class='ocrx_word' id='word_1_124' title='bbox 757 2379 917 2437; x_wconf 85' lang='lat' dir='ltr'><strong>annonae,</strong></span> <span class='ocrx_word' id='word_1_125' title='bbox 943 2360 1158 2438; x_wconf 85' lang='lat' dir='ltr'><strong>victualium,</strong></span> <span class='ocrx_word' id='word_1_126' title='bbox 1184 2381 1258 2425; x_wconf 92' lang='lat' dir='ltr'><strong>ser-</strong></span> 
     </span>
    </p>
   </div>
   <div class='ocr_carea' id='block_1_11' title="bbox 221 2461 1259 2544">
    <p class='ocr_par' dir='ltr' id='par_1_11' title="bbox 221 2461 1259 2544">
     <span class='ocr_line' id='line_1_24' title="bbox 221 2461 1259 2544; baseline 0.001 -19"><span class='ocrx_word' id='word_1_127' title='bbox 221 2491 223 2496; x_wconf 95' lang='lat'>·</span> <span class='ocrx_word' id='word_1_128' title='bbox 309 2481 443 2539; x_wconf 90' lang='lat' dir='ltr'><strong>vorum,</strong></span> <span class='ocrx_word' id='word_1_129' title='bbox 459 2461 661 2525; x_wconf 89' lang='lat' dir='ltr'><strong>ancillarum</strong></span> <span class='ocrx_word' id='word_1_130' title='bbox 680 2467 715 2523; x_wconf 90' lang='lat' dir='ltr'><strong>et</strong></span> <span class='ocrx_word' id='word_1_131' title='bbox 729 2480 925 2544; x_wconf 90' lang='lat' dir='ltr'><strong>puerorum,</strong></span> <span class='ocrx_word' id='word_1_132' title='bbox 944 2480 1021 2524; x_wconf 91' lang='lat' dir='ltr'><strong>cum</strong></span> <span class='ocrx_word' id='word_1_133' title='bbox 1047 2462 1205 2525; x_wconf 88' lang='lat' dir='ltr'><strong>tentoriis</strong></span> <span class='ocrx_word' id='word_1_134' title='bbox 1223 2470 1259 2526; x_wconf 90' lang='lat' dir='ltr'><strong>et</strong></span> 
     </span>
    </p>
   </div>
   <div class='ocr_carea' id='block_1_12' title="bbox 308 2560 1261 3046">
    <p class='ocr_par' dir='ltr' id='par_1_12' title="bbox 308 2560 1261 3046">
     <span class='ocr_line' id='line_1_25' title="bbox 309 2560 1257 2644; baseline 0.001 -20"><span class='ocrx_word' id='word_1_135' title='bbox 309 2562 553 2644; x_wconf 91' lang='lat' dir='ltr'><strong>papilionibus,</strong></span> <span class='ocrx_word' id='word_1_136' title='bbox 587 2560 727 2623; x_wconf 91' lang='lat' dir='ltr'><strong>nimiam</strong></span> <span class='ocrx_word' id='word_1_137' title='bbox 759 2561 964 2623; x_wconf 88' lang='lat' dir='ltr'><strong>invenerunt</strong></span> <span class='ocrx_word' id='word_1_138' title='bbox 996 2561 1257 2640; x_wconf 87' lang='lat' dir='ltr'><strong>abundantiam,</strong></span> 
     </span>
     <span class='ocr_line' id='line_1_26' title="bbox 309 2659 1259 2731; baseline 0.005 -6"><span class='ocrx_word' id='word_1_139' title='bbox 309 2669 345 2726; x_wconf 93' lang='lat' dir='ltr'><strong>et</strong></span> <span class='ocrx_word' id='word_1_140' title='bbox 374 2681 490 2725; x_wconf 88' lang='lat' dir='ltr'><strong>secum</strong></span> <span class='ocrx_word' id='word_1_141' title='bbox 519 2663 556 2724; x_wconf 96' lang='lat' dir='ltr'><strong>in</strong></span> <span class='ocrx_word' id='word_1_142' title='bbox 587 2661 705 2724; x_wconf 91' lang='lat' dir='ltr'><strong>urbem</strong></span> <span class='ocrx_word' id='word_1_143' title='bbox 736 2661 851 2724; x_wconf 89' lang='lat' dir='ltr'><strong>omnia</strong></span> <span class='ocrx_word' id='word_1_144' title='bbox 882 2659 1092 2724; x_wconf 88' lang='lat' dir='ltr'><strong>detulerunt.</strong></span> <span class='ocrx_word' id='word_1_145' title='bbox 1160 2661 1259 2731; x_wconf 86' lang='lat' dir='ltr'><strong>Inter</strong></span> 
     </span>
     <span class='ocr_line' id='line_1_27' title="bbox 309 2755 1261 2842; baseline 0.002 -18"><span class='ocrx_word' id='word_1_146' title='bbox 309 2769 435 2825; x_wconf 85' lang='lat' dir='ltr'><strong>caetera</strong></span> <span class='ocrx_word' id='word_1_147' title='bbox 450 2782 532 2826; x_wconf 87' lang='lat' dir='ltr'><strong>vero</strong></span> <span class='ocrx_word' id='word_1_148' title='bbox 551 2755 768 2824; x_wconf 76' lang='lat' dir='ltr'><strong>&#39;admirabile</strong></span> <span class='ocrx_word' id='word_1_149' title='bbox 784 2760 1045 2823; x_wconf 90' lang='lat' dir='ltr'><strong>tabernaculum</strong></span> <span class='ocrx_word' id='word_1_150' title='bbox 1059 2770 1261 2842; x_wconf 90' lang='lat' dir='ltr'><strong>repererunt</strong></span> 
     </span>
     <span class='ocr_line' id='line_1_28' title="bbox 308 2859 1258 2938; baseline 0.007 -15"><span class='ocrx_word' id='word_1_151' title='bbox 308 2862 344 2924; x_wconf 90' lang='lat' dir='ltr'><strong>in</strong></span> <span class='ocrx_word' id='word_1_152' title='bbox 375 2862 514 2925; x_wconf 91' lang='lat' dir='ltr'><strong>modum</strong></span> <span class='ocrx_word' id='word_1_153' title='bbox 544 2861 708 2938; x_wconf 89' lang='lat' dir='ltr'><strong>civitatis,</strong></span> <span class='ocrx_word' id='word_1_154' title='bbox 737 2859 889 2923; x_wconf 88' lang='lat' dir='ltr'><strong>turribus</strong></span> <span class='ocrx_word' id='word_1_155' title='bbox 916 2867 951 2922; x_wconf 88' lang='lat' dir='ltr'><strong>et</strong></span> <span class='ocrx_word' id='word_1_156' title='bbox 981 2862 1152 2924; x_wconf 91' lang='lat' dir='ltr'><strong>moenibus</strong></span> <span class='ocrx_word' id='word_1_157' title='bbox 1180 2882 1258 2930; x_wconf 88' lang='lat' dir='ltr'><strong>cum</strong></span> 
     </span>
     <span class='ocr_line' id='line_1_29' title="bbox 310 2959 1260 3046; baseline 0.003 -23"><span class='ocrx_word' id='word_1_158' title='bbox 310 2962 592 3046; x_wconf 80' lang='lat' dir='ltr'><strong>propugnaculis,</strong></span> <span class='ocrx_word' id='word_1_159' title='bbox 612 2980 656 3023; x_wconf 88' lang='lat' dir='ltr'><strong>ex</strong></span> <span class='ocrx_word' id='word_1_160' title='bbox 677 2960 808 3042; x_wconf 91' lang='lat' dir='ltr'><strong>optimo</strong></span> <span class='ocrx_word' id='word_1_161' title='bbox 830 2959 940 3023; x_wconf 86' lang='lat' dir='ltr'><strong>serico</strong></span> <span class='ocrx_word' id='word_1_162' title='bbox 960 2961 1066 3023; x_wconf 88' lang='lat' dir='ltr'><strong>variis</strong></span> <span class='ocrx_word' id='word_1_163' title='bbox 1085 2961 1260 3026; x_wconf 86' lang='lat' dir='ltr'><strong>coloribus</strong></span> 
     </span>
    </p>
   </div>
   <div class='ocr_carea' id='block_1_13' title="bbox 294 3058 1259 3144">
    <p class='ocr_par' dir='ltr' id='par_1_13' title="bbox 294 3058 1259 3144">
     <span class='ocr_line' id='line_1_30' title="bbox 294 3058 1259 3144; baseline -0.001 -18"><span class='ocrx_word' id='word_1_164' title='bbox 294 3060 534 3140; x_wconf 79' lang='lat' dir='ltr'><strong>¹contextum3</strong></span> <span class='ocrx_word' id='word_1_165' title='bbox 559 3080 580 3123; x_wconf 88' lang='lat' dir='ltr'><strong>a</strong></span> <span class='ocrx_word' id='word_1_166' title='bbox 594 3060 693 3143; x_wconf 86' lang='lat' dir='ltr'><strong>eujus</strong></span> <span class='ocrx_word' id='word_1_167' title='bbox 710 3058 834 3135; x_wconf 91' lang='lat' dir='ltr'><strong>medio,</strong></span> <span class='ocrx_word' id='word_1_168' title='bbox 850 3060 984 3140; x_wconf 89' lang='lat' dir='ltr'><strong>quasia</strong></span> <span class='ocrx_word' id='word_1_169' title='bbox 1000 3059 1149 3125; x_wconf 91' lang='lat' dir='ltr'><strong>triclinio</strong></span> <span class='ocrx_word' id='word_1_170' title='bbox 1163 3063 1259 3144; x_wconf 82' lang='lat' dir='ltr'><strong>prin·</strong></span> 
     </span>
    </p>
   </div>
   <div class='ocr_carea' id='block_1_14' title="bbox 309 3159 1264 4041">
    <p class='ocr_par' dir='ltr' id='par_1_14' title="bbox 309 3159 1264 4041">
     <span class='ocr_line' id='line_1_31' title="bbox 312 3159 1261 3245; baseline 0 -19"><span class='ocrx_word' id='word_1_171' title='bbox 312 3162 427 3245; x_wconf 93' lang='lat' dir='ltr'><strong>cipali,</strong></span> <span class='ocrx_word' id='word_1_172' title='bbox 451 3162 486 3224; x_wconf 92' lang='lat' dir='ltr'><strong>in</strong></span> <span class='ocrx_word' id='word_1_173' title='bbox 512 3167 628 3243; x_wconf 87' lang='lat' dir='ltr'><strong>partes</strong></span> <span class='ocrx_word' id='word_1_174' title='bbox 653 3160 808 3224; x_wconf 87' lang='lat' dir='ltr'><strong>diversas</strong></span> <span class='ocrx_word' id='word_1_175' title='bbox 837 3159 1034 3222; x_wconf 88' lang='lat' dir='ltr'><strong>defluebant</strong></span> <span class='ocrx_word' id='word_1_176' title='bbox 1058 3160 1261 3242; x_wconf 87' lang='lat' dir='ltr'><strong>diversoria,</strong></span> 
     </span>
     <span class='ocr_line' id='line_1_32' title="bbox 312 3258 1262 3344; baseline 0 -18"><span class='ocrx_word' id='word_1_177' title='bbox 312 3263 412 3344; x_wconf 90' lang='lat' dir='ltr'><strong>quasi</strong></span> <span class='ocrx_word' id='word_1_178' title='bbox 446 3281 507 3344; x_wconf 92' lang='lat' dir='ltr'><strong>per</strong></span> <span class='ocrx_word' id='word_1_179' title='bbox 542 3261 638 3325; x_wconf 89' lang='lat' dir='ltr'><strong>vicos</strong></span> <span class='ocrx_word' id='word_1_180' title='bbox 669 3258 844 3335; x_wconf 88' lang='lat' dir='ltr'><strong>distincta,</strong></span> <span class='ocrx_word' id='word_1_181' title='bbox 880 3261 916 3322; x_wconf 93' lang='lat' dir='ltr'><strong>in</strong></span> <span class='ocrx_word' id='word_1_182' title='bbox 951 3260 1075 3341; x_wconf 91' lang='lat' dir='ltr'><strong>quibus</strong></span> <span class='ocrx_word' id='word_1_183' title='bbox 1107 3263 1262 3344; x_wconf 89' lang='lat' dir='ltr'><strong>spatiose</strong></span> 
     </span>
     <span class='ocr_line' id='line_1_33' title="bbox 312 3358 1262 3445; baseline 0 -19"><span class='ocrx_word' id='word_1_184' title='bbox 312 3369 454 3445; x_wconf 89' lang='lat' dir='ltr'><strong>possent</strong></span> <span class='ocrx_word' id='word_1_185' title='bbox 476 3361 545 3425; x_wconf 93' lang='lat' dir='ltr'><strong>duo</strong></span> <span class='ocrx_word' id='word_1_186' title='bbox 573 3360 749 3424; x_wconf 93' lang='lat' dir='ltr'><strong>hominum</strong></span> <span class='ocrx_word' id='word_1_187' title='bbox 774 3358 881 3422; x_wconf 90' lang='lat' dir='ltr'><strong>millia</strong></span> <span class='ocrx_word' id='word_1_188' title='bbox 905 3359 1093 3424; x_wconf 89' lang='lat' dir='ltr'><strong>considere.</strong></span> <span class='ocrx_word' id='word_1_189' title='bbox 1154 3361 1262 3426; x_wconf 83' lang='lat' dir='ltr'><strong>Turci</strong></span> 
     </span>
     <span class='ocr_line' id='line_1_34' title="bbox 313 3458 1261 3543; baseline 0 -17"><span class='ocrx_word' id='word_1_190' title='bbox 313 3470 441 3538; x_wconf 90' lang='lat' dir='ltr'><strong>autem,</strong></span> <span class='ocrx_word' id='word_1_191' title='bbox 465 3462 524 3543; x_wconf 93' lang='lat' dir='ltr'><strong>qui</strong></span> <span class='ocrx_word' id='word_1_192' title='bbox 547 3466 646 3523; x_wconf 90' lang='lat' dir='ltr'><strong>erant</strong></span> <span class='ocrx_word' id='word_1_193' title='bbox 663 3460 699 3522; x_wconf 92' lang='lat' dir='ltr'><strong>in</strong></span> <span class='ocrx_word' id='word_1_194' title='bbox 723 3458 883 3541; x_wconf 84' lang='lat' dir='ltr'><strong>praesidio</strong></span> <span class='ocrx_word' id='word_1_195' title='bbox 903 3460 1084 3540; x_wconf 90' lang='lat' dir='ltr'><strong>superiori,</strong></span> <span class='ocrx_word' id='word_1_196' title='bbox 1104 3461 1261 3526; x_wconf 86' lang='lat' dir='ltr'><strong>videntes</strong></span> 
     </span>
     <span class='ocr_line' id='line_1_35' title="bbox 309 3559 1262 3644; baseline 0.001 -20"><span class='ocrx_word' id='word_1_197' title='bbox 309 3563 404 3644; x_wconf 29' lang='lat' dir='ltr'><strong>,quod</strong></span> <span class='ocrx_word' id='word_1_198' title='bbox 437 3562 491 3626; x_wconf 91' lang='lat' dir='ltr'><strong>sui</strong></span> <span class='ocrx_word' id='word_1_199' title='bbox 519 3579 637 3625; x_wconf 90' lang='lat' dir='ltr'><strong>omnes</strong></span> <span class='ocrx_word' id='word_1_200' title='bbox 663 3559 870 3636; x_wconf 78' lang='lat' dir='ltr'><strong>defecerant,</strong></span> <span class='ocrx_word' id='word_1_201' title='bbox 898 3560 1110 3642; x_wconf 90' lang='lat' dir='ltr'><strong>principibus</strong></span> <span class='ocrx_word' id='word_1_202' title='bbox 1133 3563 1262 3625; x_wconf 87' lang='lat' dir='ltr'><strong>nostris</strong></span> 
     </span>
     <span class='ocr_line' id='line_1_36' title="bbox 313 3659 1264 3741; baseline 0.002 -17"><span class='ocrx_word' id='word_1_203' title='bbox 313 3661 398 3725; x_wconf 91' lang='lat' dir='ltr'><strong>illud</strong></span> <span class='ocrx_word' id='word_1_204' title='bbox 429 3661 491 3726; x_wconf 89' lang='lat' dir='ltr'><strong>tali</strong></span> <span class='ocrx_word' id='word_1_205' title='bbox 521 3659 717 3724; x_wconf 90' lang='lat' dir='ltr'><strong>conditione</strong></span> <span class='ocrx_word' id='word_1_206' title='bbox 747 3659 938 3741; x_wconf 84' lang='lat' dir='ltr'><strong>resignant,</strong></span> <span class='ocrx_word' id='word_1_207' title='bbox 962 3667 1001 3722; x_wconf 88' lang='lat' dir='ltr'><strong>ut</strong></span> <span class='ocrx_word' id='word_1_208' title='bbox 1027 3659 1133 3723; x_wconf 92' lang='lat' dir='ltr'><strong>libere</strong></span> <span class='ocrx_word' id='word_1_209' title='bbox 1158 3661 1264 3726; x_wconf 86' lang='lat' dir='ltr'><strong>liceat</strong></span> 
     </span>
     <span class='ocr_line' id='line_1_37' title="bbox 311 3757 1262 3835; baseline 0 -10"><span class='ocrx_word' id='word_1_210' title='bbox 311 3763 378 3835; x_wconf 84' lang='lat' dir='ltr'><strong>sibi</strong></span> <span class='ocrx_word' id='word_1_211' title='bbox 392 3760 550 3825; x_wconf 89' lang='lat' dir='ltr'><strong>recedere</strong></span> <span class='ocrx_word' id='word_1_212' title='bbox 567 3780 643 3824; x_wconf 91' lang='lat' dir='ltr'><strong>cum</strong></span> <span class='ocrx_word' id='word_1_213' title='bbox 666 3760 789 3823; x_wconf 89' lang='lat' dir='ltr'><strong>salute.</strong></span> <span class='ocrx_word' id='word_1_214' title='bbox 841 3757 934 3823; x_wconf 84' lang='lat' dir='ltr'><strong>Acta</strong></span> <span class='ocrx_word' id='word_1_215' title='bbox 957 3767 1071 3823; x_wconf 88' lang='lat' dir='ltr'><strong>autem</strong></span> <span class='ocrx_word' id='word_1_216' title='bbox 1087 3768 1170 3824; x_wconf 90' lang='lat' dir='ltr'><strong>sunt</strong></span> <span class='ocrx_word' id='word_1_217' title='bbox 1186 3761 1262 3825; x_wconf 90' lang='lat' dir='ltr'><strong>haec</strong></span> 
     </span>
     <span class='ocr_line' id='line_1_38' title="bbox 315 3859 1262 3941; baseline 0 -16"><span class='ocrx_word' id='word_1_218' title='bbox 315 3881 406 3926; x_wconf 89' lang='lat' dir='ltr'><strong>anno</strong></span> <span class='ocrx_word' id='word_1_219' title='bbox 451 3860 592 3926; x_wconf 91' lang='lat' dir='ltr'><strong>Domini</strong></span> <span class='ocrx_word' id='word_1_220' title='bbox 634 3859 816 3923; x_wconf 91' lang='lat' dir='ltr'><strong>millesimo</strong></span> <span class='ocrx_word' id='word_1_221' title='bbox 862 3861 1086 3941; x_wconf 86' lang='lat' dir='ltr'><strong>nonagesimo</strong></span> <span class='ocrx_word' id='word_1_222' title='bbox 1123 3868 1262 3939; x_wconf 88' lang='lat' dir='ltr'><strong>octavo,</strong></span> 
     </span>
     <span class='ocr_line' id='line_1_39' title="bbox 313 3959 969 4041; baseline -0.005 -17"><span class='ocrx_word' id='word_1_223' title='bbox 313 3981 430 4024; x_wconf 92' lang='lat' dir='ltr'><strong>mense</strong></span> <span class='ocrx_word' id='word_1_224' title='bbox 444 3961 467 4025; x_wconf 85' lang='lat' dir='ltr'>J</span> <span class='ocrx_word' id='word_1_225' title='bbox 471 3961 564 4038; x_wconf 93' lang='lat' dir='ltr'><strong>unio,</strong></span> <span class='ocrx_word' id='word_1_226' title='bbox 579 3960 746 4041; x_wconf 85' lang='lat' dir='ltr'><strong>vigesima</strong></span> <span class='ocrx_word' id='word_1_227' title='bbox 761 3959 816 4022; x_wconf 95' lang='lat' dir='ltr'><strong>die</strong></span> <span class='ocrx_word' id='word_1_228' title='bbox 833 3960 969 4022; x_wconf 81' lang='lat' dir='ltr'><strong>mensis.</strong></span> 
     </span>
    </p>
   </div>
   <div class='ocr_carea' id='block_1_15' title="bbox 304 4117 1261 4337">
    <p class='ocr_par' dir='ltr' id='par_1_15' title="bbox 304 4117 1261 4337">
     <span class='ocr_line' id='line_1_40' title="bbox 346 4117 1261 4182; baseline 0.002 -14"><span class='ocrx_word' id='word_1_229' title='bbox 346 4117 516 4169; x_wconf 77' lang='lat' dir='ltr'><strong>¹Admirebile</strong></span> <span class='ocrx_word' id='word_1_230' title='bbox 534 4119 713 4169; x_wconf 78' lang='lat' dir='ltr'><strong>tabernaculum</strong></span> <span class='ocrx_word' id='word_1_231' title='bbox 733 4135 772 4168; x_wconf 82' lang='lat' dir='ltr'><strong>re·</strong></span> <span class='ocrx_word' id='word_1_232' title='bbox 795 4118 903 4168; x_wconf 88' lang='lat' dir='ltr'><strong>hemond</strong></span> <span class='ocrx_word' id='word_1_233' title='bbox 915 4119 1013 4168; x_wconf 87' lang='lat' dir='ltr'><strong>carried</strong></span> <span class='ocrx_word' id='word_1_234' title='bbox 1020 4121 1041 4168; x_wconf 90' lang='lat' dir='ltr'><strong>it</strong></span> <span class='ocrx_word' id='word_1_235' title='bbox 1050 4135 1126 4182; x_wconf 82' lang='lat' dir='ltr'><strong>away</strong></span> <span class='ocrx_word' id='word_1_236' title='bbox 1134 4121 1197 4170; x_wconf 83' lang='lat' dir='ltr'><strong>with</strong></span> <span class='ocrx_word' id='word_1_237' title='bbox 1207 4121 1261 4170; x_wconf 87' lang='lat' dir='ltr'><strong>him</strong></span> 
     </span>
     <span class='ocr_line' id='line_1_41' title="bbox 304 4190 1261 4255; baseline 0.004 -17"><span class='ocrx_word' id='word_1_238' title='bbox 304 4190 442 4255; x_wconf 73' lang='lat' dir='ltr'><strong>parerent]</strong></span> <span class='ocrx_word' id='word_1_239' title='bbox 464 4190 526 4240; x_wconf 83' lang='lat' dir='ltr'><strong>This</strong></span> <span class='ocrx_word' id='word_1_240' title='bbox 546 4194 600 4239; x_wconf 84' lang='lat' dir='ltr'><strong>tent</strong></span> <span class='ocrx_word' id='word_1_241' title='bbox 618 4191 693 4238; x_wconf 88' lang='lat' dir='ltr'><strong>could</strong></span> <span class='ocrx_word' id='word_1_242' title='bbox 711 4190 771 4239; x_wconf 92' lang='lat' dir='ltr'><strong>hold</strong></span> <span class='ocrx_word' id='word_1_243' title='bbox 795 4191 847 4238; x_wconf 86' lang='lat' dir='ltr'><strong>into</strong></span> <span class='ocrx_word' id='word_1_244' title='bbox 859 4190 935 4252; x_wconf 83' lang='lat' dir='ltr'><strong>Italy.</strong></span> <span class='ocrx_word' id='word_1_245' title='bbox 972 4190 1107 4254; x_wconf 85' lang='lat' dir='ltr'><strong>Michoud,</strong></span> <span class='ocrx_word' id='word_1_246' title='bbox 1123 4192 1141 4241; x_wconf 87' lang='lat' dir='ltr'><strong>i.</strong></span> <span class='ocrx_word' id='word_1_247' title='bbox 1157 4206 1184 4252; x_wconf 89' lang='lat' dir='ltr'><strong>p.</strong></span> <span class='ocrx_word' id='word_1_248' title='bbox 1202 4195 1261 4255; x_wconf 75' lang='lat' dir='ltr'><strong>tot,</strong></span> 
     </span>
     <span class='ocr_line' id='line_1_42' title="bbox 309 4256 871 4337; baseline 0.002 -28"><span class='ocrx_word' id='word_1_249' title='bbox 309 4261 396 4322; x_wconf 81' lang='lat' dir='ltr'><strong>nearly</strong></span> <span class='ocrx_word' id='word_1_250' title='bbox 412 4266 463 4309; x_wconf 85' lang='lat' dir='ltr'><strong>two</strong></span> <span class='ocrx_word' id='word_1_251' title='bbox 478 4259 602 4337; x_wconf 83' lang='lat' dir='ltr'><strong>thousand</strong></span> <span class='ocrx_word' id='word_1_252' title='bbox 620 4275 686 4310; x_wconf 90' lang='lat' dir='ltr'><strong>men.</strong></span> <span class='ocrx_word' id='word_1_253' title='bbox 722 4260 771 4308; x_wconf 92' lang='lat' dir='ltr'><strong>Bo·</strong></span> <span class='ocrx_word' id='word_1_254' title='bbox 795 4256 871 4310; x_wconf 50' lang='lat' dir='ltr'><strong>eote&amp;</strong></span> 
     </span>
    </p>
   </div>
   <div class='ocr_carea' id='block_1_16' title="bbox 0 0 1421 4882">
    <p class='ocr_par' dir='ltr' id='par_1_16' title="bbox 0 0 1421 4882">
     <span class='ocr_line' id='line_1_43' title="bbox 0 0 1421 4882; baseline 0 0"><span class='ocrx_word' id='word_1_255' title='bbox 0 0 1421 4882; x_wconf 95' lang='lat' dir='ltr'><strong> </strong></span> 
     </span>
    </p>
   </div>
  </div>
 </body>
</html>
