2820 4882
404 428 544 477 neonus
567 429 840 480 nisuonmnun.
1029 418 1095 482 165

138 580 297 650 nunti0s¹
317 587 488 651 solemnes
505 587 550 650 ad
565 587 782 665 Anselmnm,
805 586 1093 654 Cantuariensem
1106 610 1161 650 nn.
1173 613 1230 652 noo.

140 686 448 769 archiepiscopum,
475 706 691 769 summopere
708 688 806 750 illum
829 688 1032 765 sollicitune,
1053 699 1093 755 ut

139 806 216 849 cum
243 786 464 849 festinatione
490 787 535 850 ab
560 786 666 849 exilio
686 787 822 850 rediens
846 787 962 851 sedem
992 808 1091 853 suam

138 893 294 968 repetere
327 905 396 948 non
428 893 631 950 moraretur.
699 885 818 950 Rediit
852 887 986 951 interea
1018 889 1091 955 dux

139 984 328 1062 Robertus,
355 984 463 1047 frater
490 986 596 1065 regis,
620 985 762 1068 expleta
787 987 970 1067 magnifice
993 1008 1091 1070 pere·

139 1084 336 1166 grinatione
356 1083 689 1167 Hierosolymitana,
708 1085 745 1147 in
768 1084 1032 1165 Normanniam,
1055 1090 1090 1151 in

138 1203 209 1265 qua
229 1183 305 1268 jam
329 1203 392 1267 per
415 1184 688 1267 quinquennium
712 1184 784 1248 sere
803 1184 917 1248 fuerat
934 1186 1092 1250 demora-

140 1290 209 1361 tus,
226 1283 287 1346 ubi
309 1303 387 1347 cum
410 1283 535 1347 laetitia
556 1282 741 1347 ethonore
763 1292 945 1367 susceptus
969 1293 1024 1349 est
1046 1289 1090 1350 ab

138 1383 302 1447 universo
312 1382 448 1465 populo
464 1383 626 1464 regionis.
672 1382 800 1446 Tenuit
817 1392 931 1448 autem
947 1404 988 1448 eo
1003 1393 1088 1448 tem·

138 1501 222 1565 pore
237 1502 301 1545 rex
319 1483 355 1545 in
373 1481 531 1547 custodia
549 1475 806 1564 ²Ranulpbum,
821 1484 1089 1550 Dunelmensem

137 1582 351 1664 episcopum,
368 1581 541 1646 hominem
554 1601 752 1664 perversum
775 1590 810 1647 et
831 1583 876 1646 ad
892 1603 993 1648 omne
1016 1605 1090 1649 sce·

137 1681 191 1744 lus
220 1689 394 1764 paratum,
421 1700 524 1764 quem
554 1681 661 1744 frater
690 1681 767 1764 ejus
800 1702 863 1746 rex
891 1683 1088 1748 Willelmus

137 1781 337 1863 episcopum
366 1781 495 1844 fecerat
530 1781 806 1858 Dunelmensem,
830 1790 866 1845 et
888 1785 986 1865 regni
1012 1782 1087 1847 An-

138 1880 274 1961 glorum
303 1882 567 1959 subversorem3
598 1880 658 1962 qui
685 1900 765 1943 cum
790 1882 864 1962 regi
893 1882 968 1965 Jam
994 1883 1088 1947 dicto

139 1981 240 2043 nimis
257 1987 349 2044 esset
363 1979 554 2056 familiaris,
577 1979 806 2044 constituerat
826 2000 903 2043 eum
927 2002 989 2045 rex
1010 2002 1089 2063 pro-

138 2086 331 2144 curatorem
353 2099 453 2142 suum
481 2080 515 2143 in
534 2099 654 2160 regno,
677 2088 716 2142 ut
738 2080 913 2157 evelleret,
932 2081 1087 2144 destrue·

138 2185 202 2255 ret,
225 2186 363 2261 raperet
393 2186 428 2242 et
458 2179 682 2261 disperderet,
710 2185 746 2241 et
767 2180 885 2242 omnia
911 2178 1088 2243 bominum

138 2278 229 2342 bona
244 2277 289 2342 ad
305 2277 380 2342 fisci
394 2278 610 2342 commodum
628 2285 879 2360 comportaret3
902 2279 975 2357 sed,
998 2299 1088 2343 mor-

139 2385 199 2442 tuo
223 2397 306 2460 rege
330 2377 448 2460 iniquo
472 2385 508 2442 et
538 2377 691 2442 Henrico
718 2385 896 2455 coronato,
922 2378 965 2442 de
995 2399 1088 2444 com-

138 2478 233 2540 muni
263 2477 408 2541 consilio
431 2478 545 2558 gentis
567 2476 761 2558 Anglorum
785 2478 902 2558 posuit
926 2497 1003 2542 eum
1025 2499 1088 2543 rex

140 2579 176 2641 in
190 2577 351 2654 vinculis,
363 2595 384 2640 a
395 2577 520 2658 quibus
534 2595 625 2653 cum,
641 2576 841 2641 custodibus
856 2578 929 2640 suis
940 2580 1088 2659 pecunia

136 2678 324 2759 corruptis,
351 2676 531 2753 evasisset,
561 2675 801 2739 transfretavit
823 2677 912 2740 clam
934 2679 970 2740 in
995 2678 1088 2742 Nor-

139 2776 326 2853 manniam,
348 2783 383 2840 et
405 2794 470 2840 sua
491 2775 733 2839 exhortatione
753 2775 874 2839 ducem
896 2776 1088 2841 Robertum

137 2876 325 2940 commovit
339 2874 376 2938 in
397 2895 514 2957 regem
529 2874 671 2939 fratrem
687 2893 800 2938 suum.
853 2875 902 2939 At
921 2876 994 2939 dux
1015 2877 1089 2941 Ro·

139 2977 259 3039 bertns
275 2976 394 3039 literas
409 2974 544 3038 occulte
558 2975 602 3038 ad
621 2971 760 3055 Angliae
777 2983 957 3056 magnates
974 2984 1088 3040 trans·

137 3077 278 3139 mittens
303 3072 482 3155 allegavit,
505 3074 597 3155 quod
614 3081 707 3138 esset
729 3075 978 3156 primogenitus
1000 3076 1088 3140 lilio·

122 3183 217 3239 'rum
246 3175 340 3256 regis
364 3173 530 3238 Willelmi
560 3172 674 3255 primi,
703 3175 763 3255 qui
790 3172 954 3255 Angliam
985 3175 1089 3238 armis

140 3277 339 3356 subegerat,
368 3280 403 3337 et
432 3272 498 3336 hac
526 3273 660 3336 ratione
687 3272 730 3336 de
752 3273 831 3357 jure
857 3273 922 3336 sibi
944 3293 1087 3354 regnum

138 3381 335 3458 competere
352 3371 556 3436 affirmabat.
588 3371 657 3435 His
674 3372 814 3449 auditis,
828 3366 946 3436 ³multi
957 3373 1089 3436 nobiles

138 3474 181 3538 de
197 3493 305 3556 regno
323 3471 462 3554 Angliee
480 3490 595 3536 causae
615 3472 710 3535 illius
727 3471 880 3535 favorem
895 3473 1089 3555 praebentes

140 3572 239 3637 fidele
262 3573 441 3637 consilium
465 3573 496 3636 ei
525 3572 655 3654 pariter
677 3579 712 3635 et
738 3571 905 3634 auxilium
926 3571 1090 3653 promise-

141 3680 234 3736 runt.
288 3671 464 3736 Robertns
490 3690 573 3735 vero
597 3671 735 3734 interim
761 3671 899 3753 paravit
925 3671 1031 3746 viam,
1049 3677 1088 3733 ut

175 3862 182 3892 ¹
194 3858 325 3932 Nuntios]
342 3865 413 3926 They
424 3864 503 3913 louud
514 3863 566 3911 him
578 3867 605 3911 at
629 3861 695 3910 lined
707 3863 733 3910 in
744 3862 785 3910 the
796 3860 887 3909 'l'ower
897 3861 927 3910 os
940 3861 1044 3909 Londou
1058 3875 1091 3909 on

139 3940 235 3999 Lycus,
244 3935 308 3984 with
325 3935 406 3996 Hugh
421 3934 464 3982 the
477 3933 567 3994 bisbop
579 3932 608 3982 ol
628 3932 671 3980 the
684 3932 743 3980 ltth
754 3932 824 3991 Sept.
837 3930 969 3992 110⁰,and
981 3932 1091 3993 esceped

139 4009 194 4058 that
204 4020 265 4069 see;
283 4004 374 4054 Eadm.
385 4019 412 4066 p.
424 4009 465 4054 ⁵5.
629 3995 831 4106 ztthliebdlol.⁸
868 4001 1092 4064 Malusnpsls,

176 4143 373 4207 macutum]
401 4142 501 4204 ‘Ralph
521 4141 604 4190 Flum-
629 4075 770 4188 notpmu
802 4135 926 4207 nubilae]
967 4137 1092 4204 Compare

138 4213 309 4280 burd,bisbop
318 4212 605 4274 oiDurhum,wuscon·
630 4209 751 4258 Mnlmsb.
762 4205 775 4272 §
788 4212 844 4260 394.
