2820 4882
309 371 373 435 164
562 388 697 435 uocum
722 388 768 434 nn
792 386 997 441 wranovaa

147 558 271 648 thuano}
310 543 405 608 muni
422 545 566 609 consilio
583 547 752 609 baronum
770 564 921 608 meorum
939 545 974 607 in
991 563 1105 607 manu
1114 561 1192 605 mea
1211 541 1262 606 ita

148 659 182 696 He
171 659 246 707 em
311 645 449 722 retinui,
467 645 557 710 sicut
579 652 679 727 pater
700 664 798 708 meus
818 663 877 708 eas
901 644 1034 708 habuit
1076 642 1261 720 Militibus,

311 745 370 827 qui
390 738 466 827 ¹per
479 745 604 810 loricas
620 751 730 808 terras
744 762 827 807 suas
844 743 1045 819 defendunt,
1069 750 1179 806 terras
1197 743 1259 805 do·

311 845 512 907 minicarum
536 863 739 909 carucarum
765 862 904 907 suarum
930 844 1067 925 quietas
1087 844 1131 905 ab
1150 843 1264 906 omni·'

310 945 375 1006 bus
400 944 510 1025 geldis
533 952 568 1008 et
594 945 687 1007 omni
709 942 848 1026 proprio
879 942 970 1008 dono
990 962 1068 1006 meo
1096 942 1259 1019 concedo,

311 1050 350 1106 ut
378 1044 468 1107 sicut
498 1052 570 1107 tam
602 1062 728 1125 magno
757 1043 958 1123 gravamine
983 1042 1140 1106 alleviati
1165 1049 1259 1119 sunt,

310 1135 364 1207 in²
388 1143 485 1225 equis
508 1151 544 1207 et
569 1143 674 1206 armis
691 1142 779 1206 bene
801 1161 839 1206 se
858 1141 1044 1217 instruant,
1063 1148 1105 1204 nt
1125 1142 1200 1223 apti
1225 1148 1260 1205 et

310 1245 424 1325 parati
452 1243 522 1306 sint
556 1242 598 1306 ad
627 1241 808 1306 servitium
832 1261 946 1305 meum
972 1249 1008 1305 et
1029 1241 1071 1304 ad
1093 1239 1261 1304 defensio·

310 1361 388 1405 nem
415 1342 513 1423 regni
538 1343 615 1406 mei.
669 1341 796 1404 Pacem
828 1340 962 1404 firmam
992 1361 1084 1424 pono
1114 1341 1151 1403 in
1183 1348 1258 1404 toto

310 1461 418 1522 regno
443 1461 530 1520 meo,
556 1449 592 1506 et
615 1442 724 1506 teneri
747 1441 871 1504 amodo
896 1440 1072 1524 praecipio.
1126 1439 1259 1522 Lagam

311 1541 402 1621 regis
433 1540 596 1605 Edwardi
625 1542 724 1605 vobis
749 1540 868 1618 reddo,
895 1560 972 1604 cum
1001 1541 1071 1603 illis
1098 1540 1259 1604 emenda-

311 1640 475 1716 tionibuS,
492 1642 617 1722 quibus
634 1651 735 1725 pater
749 1660 846 1704 meus
872 1659 948 1703 eam
966 1639 1162 1703 emendavit
1177 1659 1259 1703 con·

311 1739 390 1803 silio
406 1741 573 1805 baronum
589 1760 741 1804 suorum.
794 1739 832 1803 Si
855 1740 933 1821 quis
952 1739 1082 1822 aliquid
1104 1738 1148 1802 de
1170 1759 1259 1812 meo,

311 1839 366 1901 vei
382 1839 425 1902 de
442 1841 545 1904 rebus
562 1841 722 1923 aiicujus,
738 1847 819 1921 post
835 1840 966 1903 obitum
987 1840 1078 1920 regis
1092 1838 1260 1903 Wilielmi

310 1937 427 2002 fratris
460 1940 528 2002 mei
560 1941 663 2022 cepit,
695 1946 805 2003 totum
836 1939 906 2002 cito
938 1939 1102 2002 reddatur
1129 1940 1261 2021 absque

310 2038 569 2118 emendatione;
601 2046 636 2103 et
656 2039 686 2102 si
705 2040 783 2121 quis
808 2037 888 2102 inde
913 2038 1042 2120 aliquid
1066 2038 1260 2117 retinuerit,

310 2136 367 2201 ille
398 2157 503 2220 super
533 2158 635 2221 quem
666 2138 844 2201 inventum
869 2137 973 2200 fuerit
999 2137 1152 2219 graviter
1176 2138 1260 2201 mihi

311 2237 528 2301 emendabit?
575 2238 643 2302 His
662 2238 820 2310 testibus,
832 2235 1016 2314 Mauricio,
1027 2236 1260 2303 Londoniensi

310 2337 484 2419 episeopo,
499 2337 688 2414 Willelmo,
702 2337 937 2401 Wintoniensi
955 2337 1077 2414 electo,
1094 2335 1257 2416 Girardo,

311 2435 558 2500 Herefordensi
581 2437 756 2519 episcopo,
782 2436 935 2500 Haurieo
959 2437 1096 2513 comite,
1119 2435 1260 2503 Simone

308 2536 445 2611 comite,
476 2535 634 2600 Waltero
673 2535 808 2599 Giffard
845 2537 981 2614 comite,
1020 2535 1175 2600 Roberto
1217 2539 1261 2602 do

309 2633 544 2712 Monte-forti,
585 2636 724 2717 Rogero
762 2635 888 2717 Bigod,
934 2643 970 2700 et
1013 2635 1091 2699 aliis
1127 2634 1258 2702 multis.

311 2733 429 2798 Factae
454 2742 535 2799 sunt
561 2743 614 2800 tot
637 2736 767 2799 chartae
796 2742 881 2817 quot
906 2741 988 2801 sunt
1015 2734 1201 2801 comitatus
1223 2738 1259 2801 iu

308 2831 450 2914 Anglia,
467 2843 514 2911 et,
532 2855 612 2917 rege
629 2835 787 2920 jubente,
807 2835 930 2917 positae
955 2835 991 2898 in
1012 2836 1162 2900 abbatiis
1188 2837 1259 2900 sin-

307 2933 467 3012 gulorum
482 2935 708 2999 comitatuum
727 2935 769 2998 ad
787 2942 1055 2999 monumentum.

371 3108 421 3172 Dc
436 3109 538 3174 redita
551 3110 707 3188 Ansehoi,
727 3110 959 3175 Cantaurianos
974 3109 1209 3195 archiepiscopi,

673 3211 708 3273 in
722 3209 885 3295 Aeoliam.

145 3367 280 3408 amma„
357 3335 437 3399 Rex
457 3337 577 3417 itaque
595 3334 770 3399 Heni-icus
792 3335 828 3397 in
844 3354 972 3415 regem,
989 3341 1029 3397 ut
1044 3334 1174 3398 dictum
1193 3341 1259 3410 est,

143 3418 269 3458 ⁰¹¹¹¹¹⁸⁰¹m·
306 3442 490 3498 coronatus
514 3434 609 3498 dedit
626 3435 863 3518 episcopatum
880 3433 1157 3498 Wintoniensem
1169 3433 1259 3498 Wil-

305 3533 408 3598 ielmo
420 3532 567 3610 Giffard,
582 3541 617 3598 et
632 3534 796 3598 continuo
810 3534 853 3597 de
864 3533 1140 3615 possessionibus
1155 3553 1259 3597 cunc·

306 3634 351 3696 tis
378 3633 421 3695 ad
455 3635 693 3715 episcopatum
726 3634 976 3717 pertinentibus
1002 3633 1112 3709 illum,
1136 3640 1258 3699 contra

305 3732 386 3796 novi
403 3739 537 3796 statuta
554 3734 702 3810 concilii,
715 3733 759 3796 de
778 3753 847 3815 quo
872 3732 1030 3814 superius
1048 3733 1258 3796 mentionem

303 3831 458 3908 fecimus,
483 3831 673 3896 investivit.
721 3832 869 3909 Deinde,
901 3833 944 3896 de
974 3831 1119 3896 consilio
1149 3832 1258 3896 totius

304 3929 510 4013 Angiicanae
526 3933 693 4007 ecclesiae,
705 3933 800 3995 misit
812 3930 855 3994 ad
872 3939 991 4013 partes
1007 3932 1258 3995 transmarinas

339 4101 407 4152 ¹Per
428 4106 537 4168 meua]
564 4105 714 4155 Translated
730 4107 764 4168 by
826 4103 875 4157 ²1⁷2
884 4107 1069 4173 equis.]‘1tase
1078 4103 1172 4168 equis?
1183 4108 1258 4157 Text.

300 4175 399 4234 Tyrrell
409 4174 580 4236 ‘habergeons
588 4176 604 4235 ς’
620 4176 647 4224 11.
659 4192 685 4238 p.
696 4180 752 4226 115.
791 4176 857 4227 aon.
