2820 4882
408 404 548 454 sunaus
571 405 842 454 nrsvoursunu.
1034 390 1100 454 ‘277

148 561 233 638 hoc,'
256 564 383 645 inquit,
405 564 488 626 ‘sod
512 583 592 627 cum
617 563 746 626 eisdem
775 562 948 626 forficibus
972 565 1156 670 Wffioens
1110 582 1166 620 nn
1175 584 1233 622 nu.

147 662 239 744 quod
256 663 415 745 coepisti3
418 663 542 725 'miles
558 664 689 744 itaque,
706 672 881 743 resumpta
896 663 1034 738 fiducia,
1046 632 1224 727 fri-svm

147 760 278 825 cilitate
302 782 373 844 qua
394 765 491 844 prius
513 782 586 824 rem
609 763 756 825 feliciter
777 764 1042 838 consummavit,
1058 773 1095 826 et

147 860 309 941 quioquid
337 862 509 943 inaequale
533 870 610 924 erat
638 862 715 924 siue
743 860 946 924 difficultate
975 861 1094 944 aliqua

147 961 354 1041 eoaequavit.
401 960 457 1023 Ex
474 969 558 1023 tuuc
574 979 658 1023 vero
676 961 729 1022 vir
749 961 828 1034 Dei,
845 961 977 1042 absque
998 961 1093 1023 sorli-

145 1059 253 1135 cibus,
269 1078 348 1122 cum
366 1059 487 1140 digitis
507 1060 580 1121 suis
598 1059 769 1121 debilibus
791 1079 861 1122 non
881 1059 948 1121 lide
969 1061 1092 1123 minori

147 1158 294 1220 annulos
309 1159 439 1235 loricae,
449 1157 493 1220 ad
505 1159 604 1221 varia
613 1160 803 1221 sanitatum
818 1159 980 1233 remedia,
990 1178 1093 1222 cunc-

146 1257 190 1320 tis
223 1258 406 1321 caritative
436 1259 636 1339 petentibus
663 1257 821 1320 dividens
851 1257 1090 1335 ministrabat;

145 1356 234 1419 banc
258 1365 373 1419 autem
395 1357 495 1420 miles
517 1356 679 1419 virtutem
704 1357 838 1432 videns,
863 1357 1091 1422 admiratione

144 1455 309 1518 ineffabili
330 1457 546 1538 stupefactus
566 1457 699 1518 oorruit
723 1456 767 1518 ad
791 1457 896 1538 pedes
917 1457 982 1519 viri
1010 1458 1089 1535 Dei,

144 1574 214 1636 quo
230 1556 325 1618 sacto
342 1554 509 1619 wlfricus
524 1556 691 1618 confusus
706 1565 858 1619 erectum
874 1556 1016 1619 militem
1030 1558 1090 1620 ad·

139 1653 287 1737 juravit,
303 1655 443 1718 nedum
458 1656 592 1719 viveret
607 1654 681 1717 haec
697 1655 799 1719 alicui
817 1656 1006 1731 revelaret3
1028 1657 1090 1719 sod

144 1754 194 1816 rei
213 1753 308 1817 fama
330 1754 475 1818 celebris
498 1753 604 1816 celari
631 1774 699 1816 uou
721 1755 847 1836 potuit,
871 1775 951 1817 cum
973 1756 1091 1837 plures

144 1853 209 1915 viri
224 1852 377 1934 religiosi
394 1854 438 1916 de
459 1853 579 1916 eadem
602 1853 710 1915 lorica
732 1855 880 1917 annulos
902 1873 940 1916 se
962 1854 1089 1917 babere

143 1951 330 2032 gaudeant,
352 1951 503 2015 etfama
523 1952 668 2015 celebris
684 1952 749 2014 viri
773 1954 840 2016 Dei
862 1955 969 2016 totius
993 1954 1091 2034 regni

144 2052 229 2114 lines
246 2052 514 2134 circumquaque
528 2051 725 2133 perlustret.

191 2225 241 2289 Do
256 2225 386 2305 bonine,
401 2227 456 2312 qui
470 2225 591 2292 diabolo
606 2226 781 2312 bmayim
789 2228 916 2311 feccrit,
933 2249 956 2290 o
972 2227 1041 2290 oiro

503 2327 568 2391 Dei
580 2325 720 2390 liberato.

194 2451 237 2513 Iu
264 2443 518 2530 aquilonalibus
544 2448 683 2531 Angliae
708 2450 865 2531 partibus
890 2449 992 2514 homo
1015 2452 1090 2533 qui-

143 2550 222 2614 dam
247 2555 325 2612 erat
347 2549 449 2612 valde
471 2548 689 2624 miserabilis,
717 2549 778 2631 qui
802 2547 975 2612 fortunam
1002 2570 1088 2631 pau-

142 2648 288 2732 pertatis
310 2666 379 2711 non
402 2667 501 2729 aeque
518 2648 631 2711 ferens
647 2648 786 2711 diabolo
806 2667 930 2711 manus
945 2649 1041 2712 dedit
1053 2659 1089 2713 et

142 2748 340 2830 homagium
357 2749 390 2810 ei
406 2746 498 2811 iecit.
552 2748 722 2812 Diabolus
737 2756 865 2824 autem,
883 2767 960 2811 cum
976 2758 1088 2831 captae

142 2838 270 2931 prardae
300 2866 372 2911 suae
400 2846 612 2929 aliquamdiu
640 2847 865 2922 incubuisset,
900 2849 1005 2910 miser
1029 2849 1089 2911 ille

142 2948 338 3028 intelligens
359 2955 492 3010 reatum
508 2964 609 3008 suum
625 2945 794 3027 poenitere
809 2947 928 3026 coepit,
944 2947 1089 3009 circum·

143 3047 291 3129 spicieus
308 3052 344 3108 et
363 3045 569 3120 deliberans,
586 3044 641 3106 cui
665 3063 703 3106 se
724 3049 873 3124 patrono
894 3037 1087 3108 committe—

143 3153 207 3222 ret,
223 3146 284 3227 qui
298 3144 394 3207 illum
410 3163 432 3207 a
446 3152 556 3207 morte
573 3144 697 3206 animae
718 3143 892 3205 liberaret.
947 3143 1087 3207 Postre-

142 3264 199 3307 mo
217 3244 356 3307 beatum
375 3242 557 3307 Wliricnm
581 3243 676 3305 adire
693 3242 909 3317 deliberavit,
929 3241 963 3305 in
987 3243 1088 3324 cujus

144 3362 247 3406 manu
272 3341 368 3404 salos
385 3342 560 3423 quiescere
577 3341 768 3418 dicebatur,
790 3340 884 3404 etde
902 3360 1087 3423 progressu

143 3461 206 3505 suo
217 3441 318 3506 valde
332 3440 514 3517 sollicituS,
530 3459 608 3503 cum
624 3439 760 3502 cuidam
771 3458 910 3502 suornm
925 3441 960 3503 id
974 3441 1088 3523 ipsum

142 3541 342 3616 revelasset,
365 3540 501 3603 adstitit
521 3540 552 3602 ei
568 3538 727 3602 diabolus
741 3538 778 3601 iu
792 3537 904 3619 effigie
921 3547 1088 3604 consueta

142 3649 178 3704 et
205 3645 299 3714 nota,
323 3639 420 3702 illum
447 3638 652 3720 proditionis
682 3656 832 3718 arguens
859 3640 1088 3718 castigatione

143 3736 273 3803 crudeli
292 3757 330 3802 sc
349 3739 463 3820 ipsum
482 3739 605 3820 punire
629 3737 793 3813 minatur,
809 3738 840 3799 si
860 3736 942 3818 quid
960 3725 1031 3799 tale
1045 3738 1088 3800 de

143 3847 269 3903 caetero
300 3843 509 3916 attentaret3
540 3844 578 3900 at
606 3836 708 3900 homo
732 3835 790 3899 ille
819 3836 884 3898 sibi
915 3836 1088 3898 silentium

142 3939 321 4020 imponens
335 3937 421 4000 vidit
436 3935 629 4013 manifeste,
639 3935 728 4017 quod
740 3936 899 3997 inimicus
909 3934 984 4018 ejus
996 3936 1089 4016 cogi·

143 4039 291 4101 tationes
308 4037 420 4099 cordis
437 4036 492 4099 sui
508 4055 578 4098 non
593 4035 826 4115 cognovisset,
840 4035 906 4096 nisi
921 4051 980 4097 eas
994 4035 1090 4115 prius

143 4136 356 4218 perverbum
372 4135 580 4218 prodidisset
595 4134 650 4198 vel
666 4134 814 4214 signum.
861 4132 1091 4197 Dissimulato
