2820 4882
354 389 492 438 sionns
516 389 784 438 ursrouinuuu.
982 372 1046 438 ³51

94 543 297 622 foenerator,
320 543 495 622 falsarius,
527 545 703 629 deceptor,
729 545 902 629 perjurus,
929 546 1048 610 adula·
1060 565 1116 605 un.
1128 563 1183 603 117⁰.

96 651 164 720 tor,
183 643 391 722 discurrens,
416 646 576 727 petulans
594 653 630 709 et
652 647 808 728 gulosus,
825 645 927 709 modo
942 647 1048 728 pulex
1060 616 1171 707 lidda

95 751 267 822 mortuus,
285 745 382 808 canis
402 744 558 822 foetidus,
574 746 652 810 vilis
666 747 886 823 vermiculus,
903 766 971 810 non
987 746 1048 810 he-

96 843 223 908 remita
249 845 310 908 sed
336 844 530 928 hypocrita,
553 865 623 909 non
645 845 821 911 solitarius
845 847 905 910 sed
934 854 1048 911 mente

97 943 255 1021 diffusus,
288 944 472 1009 devorator
500 945 807 1028 eleemosynarum,
837 944 1049 1021 fastidiosus,

97 1043 300 1107 deliciarum
324 1044 470 1127 cupidus
494 1052 529 1109 et
553 1045 742 1126 negligens
760 1045 892 1110 otiosus
908 1051 943 1108 et
960 1053 1048 1108 ster·

99 1150 191 1220 tens,
220 1143 387 1226 prodigus
413 1151 448 1208 ct
473 1144 688 1222 ambitiosus
717 1151 753 1209 et
779 1145 838 1226 qui
863 1164 933 1207 non
958 1153 1050 1209 esset

99 1242 228 1324 dignus
260 1243 318 1305 alii
352 1243 493 1321 servire,
526 1243 680 1326 quotidie
715 1245 781 1307 sibi
812 1244 1048 1308 ministrantes

98 1343 261 1406 verberat
275 1349 311 1406 et
326 1343 501 1426 objurgat.
553 1343 643 1409 Haec
659 1352 774 1407 autem
797 1351 833 1407 et
852 1343 907 1407 his
930 1343 1050 1427 pejora

98 1438 250 1506 scribere
265 1443 395 1523 poteris
412 1442 454 1506 de
475 1442 652 1508 Godrico.’
702 1443 750 1507 Et
764 1443 817 1506 his
838 1443 940 1507 dictis
955 1444 1052 1509 velut

99 1541 301 1623 indignatus
324 1542 481 1618 obticuit,
508 1549 545 1607 et
566 1542 755 1608 monachus
784 1563 862 1607 cum
884 1545 1051 1608 nonnulla

100 1641 303 1707 confusione
317 1641 487 1708 discessit.
540 1642 740 1726 Interjectis
755 1650 870 1707 autem
889 1643 1050 1727 deinceps

100 1741 236 1824 aliquot
251 1741 363 1819 annis,
381 1741 467 1807 nihil
478 1742 521 1806 de
533 1743 643 1826 ipsius
655 1743 729 1807 vita
741 1743 931 1807 monachus
945 1763 1051 1808 ausus

99 1841 167 1907 suit
183 1842 368 1924 inquirere,
384 1842 492 1907 donec
511 1842 586 1925 ipse
603 1842 705 1924 quasi
726 1843 887 1907 misertus
911 1843 1000 1926 ejus,
1017 1853 1052 1907 et

100 1941 198 2007 velut
217 1941 260 2004 de
283 1941 451 2023 praedicta
471 1943 646 2024 poenitens
667 1941 808 2025 injuria,
829 1943 922 2007 ultro
945 1944 1053 2025 coepit

102 2042 217 2105 dicere
230 2041 324 2123 quod
341 2041 499 2122 volebat3
527 2042 702 2127 adjuravit
717 2048 833 2106 tamen
848 2042 1051 2107 monachum

102 2161 165 2223 per
190 2140 409 2204 dilectionem
435 2161 505 2224 qua
529 2142 561 2206 ei
590 2141 796 2225 conjunctus
826 2149 913 2220 erat,
936 2149 987 2219 ut,
1012 2162 1053 2206 eo

102 2242 255 2317 vivente,
270 2240 397 2305 nemini
413 2241 566 2306 libellum
582 2241 790 2307 ostenderet.

156 2418 301 2494 Qualiter
313 2428 437 2484 sauctus
450 2420 603 2485 Godrt'cus
617 2420 654 2484 do
669 2419 753 2483 coitu
768 2418 880 2483 aalma
896 2428 924 2483 ct
937 2425 1021 2483 statu

367 2519 575 2605 iuterroputus
590 2519 788 2604 responderit.

154 2641 279 2709 Altera
295 2644 384 2721 vice,
405 2663 483 2708 cnm
502 2645 594 2709 idem
613 2644 802 2708 monachus
822 2651 964 2726 propter
986 2643 1053 2707 les-

104 2752 179 2808 tum
203 2742 316 2808 sancti
340 2742 512 2808 Johannis
538 2744 710 2826 Baptistae
735 2744 818 2807 illuc
842 2745 988 2821 veniret,
1015 2751 1055 2806 ut

105 2844 180 2908 viro
201 2843 269 2907 Dei
291 2843 432 2908 missam
459 2844 662 2923 celebraret,
682 2843 805 2907 sedens
826 2852 928 2908 extra
949 2844 1054 2907 limen

105 2944 248 3009 oratorii
281 2943 378 3006 illum
408 2944 503 3007 intus
535 2950 715 3008 canentem
744 2943 900 3022 audivit3
931 2943 1056 3007 deinde

104 3050 186 3126 post
217 3062 380 3125 vesperas
411 3044 640 3124 interrogavit
672 3063 750 3107 eum
787 3041 907 3118 frater,
941 3042 1055 3125 qualis

104 3150 200 3208 esset
226 3142 342 3206 exitus
360 3143 551 3207 animarum
575 3163 620 3207 ex
644 3141 710 3206 hoc
729 3139 871 3217 mundo,
897 3141 942 3204 ad
963 3140 1055 3223 quod

106 3242 178 3308 tale
193 3242 303 3308 fertur
318 3243 493 3324 accepisse
506 3261 726 3325 responsum3
746 3235 916 3318 ‘Sancta'
932 3241 1057 3323 inquit,

106 3342 242 3406 ‘anima
254 3341 377 3404 leniter
392 3343 466 3406 exit
488 3362 510 3405 a
527 3361 694 3424 corpore3
717 3340 778 3405 sed
794 3340 971 3423 peccatrix
984 3340 1056 3404 ani-

106 3460 176 3518 ma,
187 3441 285 3524 pelut
297 3441 494 3520 immatura,
504 3443 621 3506 multis
637 3441 755 3522 flagris
770 3441 814 3503 ad
830 3440 962 3504 exitum
980 3460 1057 3523 per-

107 3547 264 3623 urgetur.
325 3540 478 3621 Egressa
499 3561 581 3606 vero
604 3541 648 3604 ad
671 3540 762 3604 aeris
784 3539 962 3621 fastigium
984 3540 1058 3602 sine

108 3659 207 3705 mora
222 3640 434 3718 conscendit,
452 3647 487 3704 et
508 3641 557 3704 ibi
579 3659 710 3703 moram
733 3639 939 3721 quandoque
961 3639 1057 3716 facit,

107 3746 318 3822 exspectans
339 3739 424 3821 quid
451 3739 548 3804 Deus
571 3739 614 3805 de
636 3740 697 3803 illa
718 3739 832 3803 facere
846 3739 943 3803 velit.
994 3739 1059 3801 Est

107 3848 225 3908 autem
239 3839 287 3903 ibi
304 3840 406 3922 quasi
419 3839 578 3922 qnaedam
594 3846 697 3923 porta
708 3839 821 3903 ferrea
841 3846 877 3903 et
899 3844 1060 3919 angusta,

107 3939 281 4006 hincinde
296 3939 480 4022 spirituum
503 3941 670 4005 bonorum
694 3939 919 4004 etmalorum
945 3944 1059 4002 custo·
1111 3936 1113 3940 ’

108 4042 176 4107 niis
190 4039 445 4118 circumcincta,
461 4061 524 4123 per
542 4060 646 4123 quam
665 4040 791 4104 animae
803 4038 978 4121 justorum
992 4037 1061 4102 levi

110 4140 263 4207 transitu
284 4140 528 4218 admittuntur,
553 4140 693 4225 injustae
714 4158 798 4203 vero
822 4138 976 4218 graviter
1001 4157 1062 4202 an-
