2820 4882
301 397 345 464 46
551 411 686 461 noonur
711 411 759 459 on
780 409 992 460 wnunovnn·

140 597 262 639 ennon
302 578 375 636 tum
398 570 434 633 in
453 568 809 634 Northanbumbriam
826 576 948 634 contra
964 567 1170 646 Robertum,
1192 569 1254 633 ubi

302 671 339 734 in
369 670 636 736 Novo-castello
666 690 784 734 omnes
811 669 1025 752 potentiores
1050 670 1094 734 de
1119 668 1255 734 familia

303 772 439 836 comitis
464 772 556 854 oepit
572 779 608 835 et
621 770 769 836 vinculis
791 771 1025 853 mancipavit3
1049 778 1085 834 et
1103 770 1185 834 inde
1207 770 1254 834 ad

303 872 484 936 castellum
502 873 543 935 de
558 871 780 954 Tynemutha
800 869 987 952 profectus,
1005 871 1150 935 fratrem
1170 891 1254 934 oon-

303 972 389 1035 sulis
407 971 554 1036 Roberti
575 971 669 1053 cepit
682 973 718 1034 in
743 991 796 1048 eo,
814 981 850 1034 et
873 991 985 1053 usque
1005 971 1187 1035 castellum
1210 971 1260 1034 de.

304 1071 516 1154 Baanbnrgo
544 1071 641 1134 illum
664 1071 851 1147 adducens
877 1073 1037 1135 comitem
1060 1070 1255 1135 Robertum

302 1172 430 1236 ibidem
456 1172 611 1251 obsedit;
637 1172 698 1236 sed
726 1191 804 1234 cnm
831 1171 1013 1236 castellum
1035 1172 1255 1254 inexpugna-

303 1272 372 1336 bile
389 1272 551 1349 advertit,
568 1280 648 1336 ante
662 1271 843 1335 castellnm
860 1271 946 1335 illud
961 1273 1142 1335 castellnm
1157 1272 1254 1336 aliud

303 1372 454 1454 ligneum
482 1372 689 1449 construxit,
713 1372 803 1454 qnod
823 1365 1030 1436 ¹Malveisin
1052 1372 1256 1454 appellavit,

304 1472 340 1535 in
358 1492 427 1555 qno
452 1480 587 1555 partem
610 1473 785 1536 exercitus
809 1473 863 1535 sui
880 1472 1078 1554 relinquens
1100 1472 1181 1536 inde
1202 1492 1257 1536 re-

305 1573 421 1636 cessit.
491 1572 649 1656 Cumque
674 1572 822 1655 quadam
854 1579 956 1636 nocte
988 1592 1103 1636 comes
1135 1574 1179 1636 ab
1213 1593 1257 1637 eo

305 1671 396 1737 clam
417 1674 628 1750 recessisset,
655 1679 794 1736 secutus
819 1680 874 1736 est
897 1692 976 1736 eum
1001 1674 1176 1736 exercitus
1198 1693 1254 1736 re·

305 1773 360 1854 gis
382 1792 492 1855 nsque
515 1773 558 1836 ad
581 1773 859 1856 Tynemutham3
882 1775 953 1851 nbi,
969 1792 1047 1837 cum
1071 1773 1256 1838 defendere

305 1891 344 1936 se
370 1880 565 1950 conaretur,
598 1875 672 1937 sine
699 1874 842 1938 vulnere
873 1882 997 1955 captus
1023 1881 1078 1937 est
1102 1881 1138 1937 et
1161 1874 1256 1955 apud

304 1971 585 2037 Windleshoram
599 1975 845 2038 incarceratus
899 1974 1088 2037 Redditum
1103 1981 1157 2037 est
1172 1993 1257 2056 ergo

305 2074 379 2154 regi
405 2074 585 2138 castellum
611 2074 896 2156 deBaanbnrgo,
923 2082 961 2153 et
976 2093 1094 2138 omnes
1118 2074 1256 2138 comitis

305 2173 458 2238 fautores
481 2174 571 2238 male
597 2175 739 2238 tractati
765 2182 869 2253 sunt;
893 2193 974 2237 nam
990 2173 1189 2239 Willelmus
1212 2175 1255 2239 de

305 2273 407 2338 Auco
423 2275 532 2338 oculis
546 2276 704 2357 privatus
713 2282 778 2351 est,
788 2282 824 2338 et
834 2273 924 2351 Odo,
938 2274 1059 2338 consul
1069 2273 1256 2357 Campani-

307 2374 412 2450 ensis,
427 2382 463 2438 et
480 2376 597 2439 caeteri
611 2376 727 2457 plures
744 2375 966 2440 exhaeredati.
1014 2374 1146 2438 Eodem
1164 2394 1258 2440 anno

306 2475 455 2556 impiger
483 2494 547 2538 rex
577 2475 775 2540 Willelmus
801 2476 838 2538 in
863 2475 1031 2540 Walliam
1064 2476 1257 2539 exercitum

307 2574 420 2653 duxit,
444 2595 485 2639 eo
512 2576 604 2657 qnod
629 2596 722 2640 anno
744 2577 920 2658 praeterito
939 2576 1043 2639 iidem
1058 2574 1258 2640 Wallenses

307 2676 436 2739 multos
475 2675 754 2740 Normannorum
785 2676 984 2740 occiderant
1011 2682 1047 2739 et
1075 2695 1257 2758 procerum

309 2776 550 2858 confregerant
591 2777 784 2853 firmitateS,
817 2777 998 2840 castellum
1037 2775 1081 2840 de
1116 2776 1259 2841 Monte·

309 2875 464 2940 Gomerii
486 2884 747 2959 prostraverant
763 2884 798 2940 et
812 2877 1009 2941 habitantes
1031 2876 1067 2938 in
1089 2896 1131 2940 eo
1152 2897 1263 2942 necas

308 2984 443 3054 verant,
471 2977 552 3058 igne
574 2985 610 3041 et
632 2977 724 3042 ferro
742 2977 907 3040 finitimos
930 2983 1168 3056 conterentes3
1192 2997 1257 3042 rex

308 3075 416 3157 igitur
440 3076 636 3141 Willelmus
664 3097 783 3141 omnes
806 3077 891 3141 fines
914 3076 1054 3141 Walliae
1084 3078 1258 3142 hostiliter

309 3177 536 3259 perlustrans,
552 3197 631 3241 cum
654 3177 691 3241 in
716 3179 885 3241 montium
909 3177 1123 3242 diverticulis
1143 3185 1178 3241 et
1196 3178 1258 3242 sil·

312 3296 432 3342 varum
454 3277 684 3343 densitatibus
707 3279 802 3360 ipsos
832 3278 991 3360 persequi
1018 3297 1087 3341 non
1111 3278 1258 3365 valeret,

309 3396 432 3459 pamm
457 3379 641 3462 proficiens
663 3378 708 3442 ad
730 3379 871 3460 propria
894 3379 1073 3443 remeavit.
1124 3378 1258 3443 Eodem

309 3484 466 3561 tempore
490 3479 600 3543 stellae
623 3478 666 3541 de
691 3477 777 3542 coelo
801 3478 923 3542 cadere
943 3477 1028 3542 visae
1049 3485 1145 3555 sunt,
1169 3479 1259 3543 adeo

309 3579 546 3660 spissaeqnod
568 3599 638 3642 non
659 3586 821 3661 poterant
844 3578 1038 3655 numerari3
1061 3580 1153 3642 inter
1169 3598 1258 3661 quas

310 3697 389 3741 oum
403 3699 508 3742 unam
532 3697 693 3761 magnam
708 3679 848 3761 quidam
865 3679 936 3742 labi
952 3679 987 3741 in
1005 3677 1124 3742 Gallia
1139 3686 1259 3762 stupe·

310 3786 374 3856 ret,
395 3799 473 3843 oum
494 3787 616 3844 notato
639 3780 715 3843 loco
742 3798 868 3862 aquam
887 3779 935 3842 ibi
952 3778 1110 3856 fudisset,
1126 3779 1260 3842 fumum

311 3898 388 3941 cnm
401 3880 558 3944 stridoris
575 3899 661 3943 sono
677 3878 719 3943 de
735 3887 828 3943 terra
842 3881 949 3956 exire,
963 3879 1144 3960 obstupuit
1157 3880 1261 3944 vebe·
1293 3911 1296 3915 ·

310 3985 452 4043 menter.

345 4157 529 4227 ¹Malveisim]
550 4165 633 4214 called
652 4167 706 4215 also
728 4165 899 4227 ‘Malvoisim’
920 4180 949 4213 or
970 4162 1143 4230 ‘Meirioine,'
1169 4182 1186 4219 a,
1207 4169 1260 4218 bad

308 4230 457 4293 neighbonr.
491 4235 685 4296 spelmcrloss.
