<?xml version="1.0" encoding="UTF-8"?>
<!DOCTYPE html PUBLIC "-//W3C//DTD XHTML 1.0 Transitional//EN"
    "http://www.w3.org/TR/xhtml1/DTD/xhtml1-transitional.dtd">
<html xmlns="http://www.w3.org/1999/xhtml" xml:lang="en" lang="en">
 <head>
  <title>
</title>
<meta http-equiv="Content-Type" content="text/html;charset=utf-8" />
  <meta name='ocr-system' content='tesseract 3.04.00' />
  <meta name='ocr-capabilities' content='ocr_page ocr_carea ocr_par ocr_line ocrx_word'/>
</head>
<body>
  <div class='ocr_page' id='page_1' title='image "./rogeridewendove01rogegoog_0445.png"; bbox 0 0 2820 4882; ppageno 0'>
   <div class='ocr_carea' id='block_1_1' title="bbox 359 396 1049 460">
    <p class='ocr_par' dir='ltr' id='par_1_1' title="bbox 359 396 1049 460">
     <span class='ocr_line' id='line_1_1' title="bbox 359 396 1049 460; baseline -0.003 0"><span class='ocrx_word' id='word_1_1' title='bbox 359 396 424 460; x_wconf 76' lang='grc'><strong>434</strong></span> <span class='ocrx_word' id='word_1_2' title='bbox 608 409 742 456; x_wconf 83' lang='lat' dir='ltr'><strong>noonnr</strong></span> <span class='ocrx_word' id='word_1_3' title='bbox 771 410 818 456; x_wconf 86' lang='lat' dir='ltr'><strong>nu</strong></span> <span class='ocrx_word' id='word_1_4' title='bbox 841 408 1049 459; x_wconf 79' lang='lat' dir='ltr'><strong>wnunovnn</strong></span> 
     </span>
    </p>
   </div>
   <div class='ocr_carea' id='block_1_2' title="bbox 199 565 1311 946">
    <p class='ocr_par' dir='ltr' id='par_1_2' title="bbox 199 565 1311 946">
     <span class='ocr_line' id='line_1_2' title="bbox 199 565 1308 633; baseline -0.002 0"><span class='ocrx_word' id='word_1_5' title='bbox 199 592 320 633; x_wconf 73' lang='lat' dir='ltr'><strong>norm.</strong></span> <span class='ocrx_word' id='word_1_6' title='bbox 360 587 418 632; x_wconf 90' lang='lat' dir='ltr'><strong>ces</strong></span> <span class='ocrx_word' id='word_1_7' title='bbox 449 574 484 631; x_wconf 91' lang='lat' dir='ltr'><strong>et</strong></span> <span class='ocrx_word' id='word_1_8' title='bbox 514 565 634 629; x_wconf 86' lang='lat' dir='ltr'><strong>medice</strong></span> <span class='ocrx_word' id='word_1_9' title='bbox 664 583 786 628; x_wconf 90' lang='lat' dir='ltr'><strong>manus</strong></span> <span class='ocrx_word' id='word_1_10' title='bbox 821 565 977 629; x_wconf 88' lang='lat' dir='ltr'><strong>homines</strong></span> <span class='ocrx_word' id='word_1_11' title='bbox 1006 566 1191 630; x_wconf 84' lang='lat' dir='ltr'>bellatores</span> <span class='ocrx_word' id='word_1_12' title='bbox 1226 585 1308 631; x_wconf 91' lang='lat' dir='ltr'><strong>con-</strong></span> 
     </span>
     <span class='ocr_line' id='line_1_3' title="bbox 361 663 1310 749; baseline -0.004 -17"><span class='ocrx_word' id='word_1_13' title='bbox 361 673 462 749; x_wconf 86' lang='lat' dir='ltr'><strong>cepto</strong></span> <span class='ocrx_word' id='word_1_14' title='bbox 497 664 691 729; x_wconf 86' lang='lat' dir='ltr'><strong>devotionis</strong></span> <span class='ocrx_word' id='word_1_15' title='bbox 722 663 857 729; x_wconf 83' lang='lat' dir='ltr'><strong>fervore</strong></span> <span class='ocrx_word' id='word_1_16' title='bbox 887 664 1073 742; x_wconf 88' lang='lat' dir='ltr'><strong>ducuntur,</strong></span> <span class='ocrx_word' id='word_1_17' title='bbox 1101 667 1206 749; x_wconf 91' lang='lat' dir='ltr'><strong>quod,</strong></span> <span class='ocrx_word' id='word_1_18' title='bbox 1237 667 1310 729; x_wconf 90' lang='lat' dir='ltr'><strong>suis</strong></span> 
     </span>
     <span class='ocr_line' id='line_1_4' title="bbox 361 764 1311 847; baseline -0.003 -17"><span class='ocrx_word' id='word_1_19' title='bbox 361 766 501 847; x_wconf 81' lang='lat' dir='ltr'><strong>regibus</strong></span> <span class='ocrx_word' id='word_1_20' title='bbox 518 764 575 829; x_wconf 89' lang='lat' dir='ltr'><strong>vel</strong></span> <span class='ocrx_word' id='word_1_21' title='bbox 590 764 737 827; x_wconf 86' lang='lat' dir='ltr'><strong>dominis</strong></span> <span class='ocrx_word' id='word_1_22' title='bbox 757 783 826 827; x_wconf 91' lang='lat' dir='ltr'><strong>non</strong></span> <span class='ocrx_word' id='word_1_23' title='bbox 844 765 1068 846; x_wconf 86' lang='lat' dir='ltr'><strong>exspectatis,</strong></span> <span class='ocrx_word' id='word_1_24' title='bbox 1084 765 1129 828; x_wconf 91' lang='lat' dir='ltr'><strong>ab</strong></span> <span class='ocrx_word' id='word_1_25' title='bbox 1146 765 1311 828; x_wconf 83' lang='lat' dir='ltr'><strong>extremis</strong></span> 
     </span>
     <span class='ocr_line' id='line_1_5' title="bbox 360 862 1209 946; baseline -0.001 -19"><span class='ocrx_word' id='word_1_26' title='bbox 360 863 481 927; x_wconf 91' lang='lat' dir='ltr'><strong>mundi</strong></span> <span class='ocrx_word' id='word_1_27' title='bbox 497 863 654 946; x_wconf 90' lang='lat' dir='ltr'><strong>partibus</strong></span> <span class='ocrx_word' id='word_1_28' title='bbox 670 862 851 927; x_wconf 89' lang='lat' dir='ltr'><strong>confluunt</strong></span> <span class='ocrx_word' id='word_1_29' title='bbox 868 862 1019 927; x_wconf 89' lang='lat' dir='ltr'><strong>Domino</strong></span> <span class='ocrx_word' id='word_1_30' title='bbox 1036 864 1209 928; x_wconf 87' lang='lat' dir='ltr'><strong>servituri.</strong></span> 
     </span>
    </p>
   </div>
   <div class='ocr_carea' id='block_1_3' title="bbox 447 1032 1224 1119">
    <p class='ocr_par' dir='ltr' id='par_1_3' title="bbox 447 1032 1224 1119">
     <span class='ocr_line' id='line_1_6' title="bbox 447 1032 1224 1119; baseline 0.001 -21"><span class='ocrx_word' id='word_1_31' title='bbox 447 1034 537 1116; x_wconf 73' lang='lat' dir='ltr'><strong>Quod</strong></span> <span class='ocrx_word' id='word_1_32' title='bbox 547 1034 743 1099; x_wconf 61' lang='lat' dir='ltr'><strong>Sabaeum</strong></span> <span class='ocrx_word' id='word_1_33' title='bbox 756 1032 795 1097; x_wconf 79' lang='lat' dir='ltr'><strong>ab</strong></span> <span class='ocrx_word' id='word_1_34' title='bbox 810 1034 918 1098; x_wconf 73' lang='lat' dir='ltr'><strong>Arbon</strong></span> <span class='ocrx_word' id='word_1_35' title='bbox 934 1035 1079 1119; x_wconf 79' lang='lat' dir='ltr'><strong>confusas</strong></span> <span class='ocrx_word' id='word_1_36' title='bbox 1094 1036 1224 1099; x_wconf 70' lang='lat' dir='ltr'><strong>cerasia</strong></span> 
     </span>
    </p>
   </div>
   <div class='ocr_carea' id='block_1_4' title="bbox 229 1154 1370 3297">
    <p class='ocr_par' dir='ltr' id='par_1_4' title="bbox 229 1154 1370 3297">
     <span class='ocr_line' id='line_1_7' title="bbox 432 1154 1312 1238; baseline -0.003 -18"><span class='ocrx_word' id='word_1_37' title='bbox 432 1158 514 1221; x_wconf 86' lang='lat' dir='ltr'><strong>Rex</strong></span> <span class='ocrx_word' id='word_1_38' title='bbox 546 1163 662 1220; x_wconf 90' lang='lat' dir='ltr'><strong>autern</strong></span> <span class='ocrx_word' id='word_1_39' title='bbox 697 1154 1020 1238; x_wconf 83' lang='lat' dir='ltr'><strong>Hierosolymamm</strong></span> <span class='ocrx_word' id='word_1_40' title='bbox 1053 1157 1312 1237; x_wconf 81' lang='lat' dir='ltr'><strong>peregrinorum</strong></span> 
     </span>
     <span class='ocr_line' id='line_1_8' title="bbox 229 1236 1311 1321; baseline 0.002 -5"><span class='ocrx_word' id='word_1_41' title='bbox 229 1236 583 1321; x_wconf 65' lang='lat' dir='ltr'><strong>e310&#39;³0³10.multitudine</strong></span> <span class='ocrx_word' id='word_1_42' title='bbox 611 1255 764 1320; x_wconf 84' lang='lat' dir='ltr'><strong>vallatus</strong></span> <span class='ocrx_word' id='word_1_43' title='bbox 796 1252 893 1318; x_wconf 83' lang='lat' dir='ltr'><strong>fecit-</strong></span> <span class='ocrx_word' id='word_1_44' title='bbox 910 1273 992 1318; x_wconf 90' lang='lat' dir='ltr'><strong>suos</strong></span> <span class='ocrx_word' id='word_1_45' title='bbox 1020 1274 1137 1318; x_wconf 87' lang='lat' dir='ltr'><strong>omnes</strong></span> <span class='ocrx_word' id='word_1_46' title='bbox 1169 1255 1211 1318; x_wconf 91' lang='lat' dir='ltr'><strong>de</strong></span> <span class='ocrx_word' id='word_1_47' title='bbox 1238 1255 1311 1318; x_wconf 88' lang='lat' dir='ltr'><strong>Tu-</strong></span> 
     </span>
     <span class='ocr_line' id='line_1_9' title="bbox 363 1354 1312 1436; baseline -0.003 -17"><span class='ocrx_word' id='word_1_48' title='bbox 363 1375 449 1419; x_wconf 92' lang='lat' dir='ltr'><strong>rono</strong></span> <span class='ocrx_word' id='word_1_49' title='bbox 467 1354 684 1430; x_wconf 87' lang='lat' dir='ltr'><strong>descendere,</strong></span> <span class='ocrx_word' id='word_1_50' title='bbox 701 1359 736 1416; x_wconf 90' lang='lat' dir='ltr'><strong>et</strong></span> <span class='ocrx_word' id='word_1_51' title='bbox 758 1371 828 1415; x_wconf 88' lang='lat' dir='ltr'><strong>uua</strong></span> <span class='ocrx_word' id='word_1_52' title='bbox 847 1371 925 1416; x_wconf 90' lang='lat' dir='ltr'><strong>cum</strong></span> <span class='ocrx_word' id='word_1_53' title='bbox 945 1354 1150 1436; x_wconf 85' lang='lat' dir='ltr'><strong>peregrinis,</strong></span> <span class='ocrx_word' id='word_1_54' title='bbox 1166 1354 1226 1436; x_wconf 91' lang='lat' dir='ltr'><strong>qui</strong></span> <span class='ocrx_word' id='word_1_55' title='bbox 1249 1373 1312 1416; x_wconf 92' lang='lat' dir='ltr'><strong>nu·</strong></span> 
     </span>
     <span class='ocr_line' id='line_1_10' title="bbox 364 1452 1311 1537; baseline -0.001 -20"><span class='ocrx_word' id='word_1_56' title='bbox 364 1475 427 1537; x_wconf 89' lang='lat' dir='ltr'><strong>per</strong></span> <span class='ocrx_word' id='word_1_57' title='bbox 455 1453 679 1528; x_wconf 84' lang='lat' dir='ltr'><strong>advenerant,</strong></span> <span class='ocrx_word' id='word_1_58' title='bbox 705 1459 786 1516; x_wconf 89' lang='lat' dir='ltr'><strong>ante</strong></span> <span class='ocrx_word' id='word_1_59' title='bbox 819 1452 996 1516; x_wconf 89' lang='lat' dir='ltr'><strong>civitatem</strong></span> <span class='ocrx_word' id='word_1_60' title='bbox 1025 1460 1140 1516; x_wconf 85' lang='lat' dir='ltr'><strong>castra</strong></span> <span class='ocrx_word' id='word_1_61' title='bbox 1169 1453 1311 1516; x_wconf 87' lang='lat' dir='ltr'><strong>locavit.</strong></span> 
     </span>
     <span class='ocr_line' id='line_1_11' title="bbox 366 1551 1314 1634; baseline -0.001 -19"><span class='ocrx_word' id='word_1_62' title='bbox 366 1552 453 1617; x_wconf 84' lang='lat' dir='ltr'><strong>Post</strong></span> <span class='ocrx_word' id='word_1_63' title='bbox 482 1552 555 1615; x_wconf 91' lang='lat' dir='ltr'><strong>dies</strong></span> <span class='ocrx_word' id='word_1_64' title='bbox 581 1559 696 1615; x_wconf 89' lang='lat' dir='ltr'><strong>autem</strong></span> <span class='ocrx_word' id='word_1_65' title='bbox 725 1569 854 1633; x_wconf 90' lang='lat' dir='ltr'><strong>paucos</strong></span> <span class='ocrx_word' id='word_1_66' title='bbox 884 1552 1130 1634; x_wconf 84' lang='lat' dir='ltr'><strong>superveniens</strong></span> <span class='ocrx_word' id='word_1_67' title='bbox 1156 1551 1314 1616; x_wconf 85' lang='lat' dir='ltr'><strong>Salaadi·</strong></span> 
     </span>
     <span class='ocr_line' id='line_1_12' title="bbox 360 1649 1312 1732; baseline 0 -18"><span class='ocrx_word' id='word_1_68' title='bbox 360 1670 431 1714; x_wconf 85' lang='lat' dir='ltr'><strong>nus</strong></span> <span class='ocrx_word' id='word_1_69' title='bbox 446 1652 483 1714; x_wconf 92' lang='lat' dir='ltr'><strong>iu</strong></span> <span class='ocrx_word' id='word_1_70' title='bbox 501 1669 605 1714; x_wconf 90' lang='lat' dir='ltr'><strong>manu</strong></span> <span class='ocrx_word' id='word_1_71' title='bbox 626 1651 768 1714; x_wconf 90' lang='lat' dir='ltr'><strong>robusta</strong></span> <span class='ocrx_word' id='word_1_72' title='bbox 788 1651 954 1732; x_wconf 87' lang='lat' dir='ltr'><strong>impetum</strong></span> <span class='ocrx_word' id='word_1_73' title='bbox 972 1651 1010 1713; x_wconf 91' lang='lat' dir='ltr'><strong>in</strong></span> <span class='ocrx_word' id='word_1_74' title='bbox 1028 1649 1244 1715; x_wconf 83' lang='lat' dir='ltr'><strong>Christianos</strong></span> <span class='ocrx_word' id='word_1_75' title='bbox 1261 1650 1312 1714; x_wconf 88' lang='lat' dir='ltr'><strong>se-</strong></span> 
     </span>
     <span class='ocr_line' id='line_1_13' title="bbox 366 1749 1313 1832; baseline -0.001 -17"><span class='ocrx_word' id='word_1_76' title='bbox 366 1751 414 1815; x_wconf 90' lang='lat' dir='ltr'><strong>cit</strong></span> <span class='ocrx_word' id='word_1_77' title='bbox 436 1749 651 1827; x_wconf 87' lang='lat' dir='ltr'><strong>acerrimum,</strong></span> <span class='ocrx_word' id='word_1_78' title='bbox 674 1755 713 1812; x_wconf 93' lang='lat' dir='ltr'><strong>ut</strong></span> <span class='ocrx_word' id='word_1_79' title='bbox 731 1750 791 1831; x_wconf 95' lang='lat' dir='ltr'><strong>qui</strong></span> <span class='ocrx_word' id='word_1_80' title='bbox 810 1749 958 1831; x_wconf 87' lang='lat' dir='ltr'><strong>putabat</strong></span> <span class='ocrx_word' id='word_1_81' title='bbox 973 1768 1033 1812; x_wconf 89' lang='lat' dir='ltr'><strong>eos</strong></span> <span class='ocrx_word' id='word_1_82' title='bbox 1054 1750 1185 1814; x_wconf 91' lang='lat' dir='ltr'><strong>insultu</strong></span> <span class='ocrx_word' id='word_1_83' title='bbox 1201 1750 1313 1832; x_wconf 91' lang='lat' dir='ltr'><strong>primo</strong></span> 
     </span>
     <span class='ocr_line' id='line_1_14' title="bbox 366 1847 1312 1932; baseline -0.002 -18"><span class='ocrx_word' id='word_1_84' title='bbox 366 1849 576 1929; x_wconf 86' lang='lat' dir='ltr'><strong>vincendos;</strong></span> <span class='ocrx_word' id='word_1_85' title='bbox 600 1856 637 1913; x_wconf 92' lang='lat' dir='ltr'><strong>at</strong></span> <span class='ocrx_word' id='word_1_86' title='bbox 654 1847 773 1911; x_wconf 86' lang='lat' dir='ltr'><strong>fideles</strong></span> <span class='ocrx_word' id='word_1_87' title='bbox 794 1849 831 1911; x_wconf 94' lang='lat' dir='ltr'><strong>in</strong></span> <span class='ocrx_word' id='word_1_88' title='bbox 853 1867 961 1911; x_wconf 91' lang='lat' dir='ltr'><strong>unum</strong></span> <span class='ocrx_word' id='word_1_89' title='bbox 982 1849 1194 1930; x_wconf 86' lang='lat' dir='ltr'><strong>conglobati,</strong></span> <span class='ocrx_word' id='word_1_90' title='bbox 1211 1851 1312 1932; x_wconf 86' lang='lat' dir='ltr'><strong>quasi</strong></span> 
     </span>
     <span class='ocr_line' id='line_1_15' title="bbox 366 1947 1315 2031; baseline 0 -20"><span class='ocrx_word' id='word_1_91' title='bbox 366 1967 430 2031; x_wconf 92' lang='lat' dir='ltr'><strong>pro</strong></span> <span class='ocrx_word' id='word_1_92' title='bbox 458 1949 639 2011; x_wconf 81' lang='lat' dir='ltr'><strong>animabus</strong></span> <span class='ocrx_word' id='word_1_93' title='bbox 671 1947 900 2023; x_wconf 85' lang='lat' dir='ltr'><strong>decertantes,</strong></span> <span class='ocrx_word' id='word_1_94' title='bbox 926 1947 1072 2011; x_wconf 88' lang='lat' dir='ltr'><strong>viriliter</strong></span> <span class='ocrx_word' id='word_1_95' title='bbox 1101 1949 1315 2024; x_wconf 88' lang='lat' dir='ltr'><strong>restiterunt,</strong></span> 
     </span>
     <span class='ocr_line' id='line_1_16' title="bbox 366 2046 1316 2129; baseline -0.001 -19"><span class='ocrx_word' id='word_1_96' title='bbox 366 2066 453 2129; x_wconf 92' lang='lat' dir='ltr'><strong>quos</strong></span> <span class='ocrx_word' id='word_1_97' title='bbox 475 2046 683 2110; x_wconf 86' lang='lat' dir='ltr'><strong>Salaadinus</strong></span> <span class='ocrx_word' id='word_1_98' title='bbox 706 2046 929 2127; x_wconf 82' lang='lat' dir='ltr'><strong>circumcingi</strong></span> <span class='ocrx_word' id='word_1_99' title='bbox 941 2047 1080 2128; x_wconf 86' lang='lat' dir='ltr'><strong>jubens,</strong></span> <span class='ocrx_word' id='word_1_100' title='bbox 1102 2066 1166 2128; x_wconf 92' lang='lat' dir='ltr'><strong>pro</strong></span> <span class='ocrx_word' id='word_1_101' title='bbox 1186 2046 1316 2129; x_wconf 88' lang='lat' dir='ltr'><strong>impos-</strong></span> 
     </span>
     <span class='ocr_line' id='line_1_17' title="bbox 366 2145 1317 2229; baseline 0.001 -21"><span class='ocrx_word' id='word_1_102' title='bbox 366 2145 471 2221; x_wconf 87' lang='lat' dir='ltr'><strong>sibili,</strong></span> <span class='ocrx_word' id='word_1_103' title='bbox 492 2146 583 2228; x_wconf 91' lang='lat' dir='ltr'><strong>quod</strong></span> <span class='ocrx_word' id='word_1_104' title='bbox 606 2165 651 2208; x_wconf 83' lang='lat' dir='ltr'><strong>ex</strong></span> <span class='ocrx_word' id='word_1_105' title='bbox 674 2145 832 2209; x_wconf 91' lang='lat' dir='ltr'><strong>omnibus</strong></span> <span class='ocrx_word' id='word_1_106' title='bbox 858 2163 920 2226; x_wconf 87' lang='lat' dir='ltr'><strong>pes</strong></span> <span class='ocrx_word' id='word_1_107' title='bbox 948 2164 1037 2209; x_wconf 91' lang='lat' dir='ltr'><strong>unus</strong></span> <span class='ocrx_word' id='word_1_108' title='bbox 1059 2145 1232 2222; x_wconf 85' lang='lat' dir='ltr'><strong>evaderet,</strong></span> <span class='ocrx_word' id='word_1_109' title='bbox 1258 2146 1317 2229; x_wconf 90' lang='lat' dir='ltr'><strong>ju-</strong></span> 
     </span>
     <span class='ocr_line' id='line_1_18' title="bbox 368 2244 1316 2327; baseline 0.001 -19"><span class='ocrx_word' id='word_1_110' title='bbox 368 2245 519 2321; x_wconf 87' lang='lat' dir='ltr'><strong>dicabat,</strong></span> <span class='ocrx_word' id='word_1_111' title='bbox 537 2245 597 2308; x_wconf 87' lang='lat' dir='ltr'><strong>sed</strong></span> <span class='ocrx_word' id='word_1_112' title='bbox 617 2244 717 2308; x_wconf 87' lang='lat' dir='ltr'><strong>aliter</strong></span> <span class='ocrx_word' id='word_1_113' title='bbox 731 2244 843 2306; x_wconf 86' lang='lat' dir='ltr'><strong>visum</strong></span> <span class='ocrx_word' id='word_1_114' title='bbox 861 2251 915 2308; x_wconf 89' lang='lat' dir='ltr'><strong>est</strong></span> <span class='ocrx_word' id='word_1_115' title='bbox 933 2244 976 2307; x_wconf 88' lang='lat' dir='ltr'><strong>Ei</strong></span> <span class='ocrx_word' id='word_1_116' title='bbox 991 2245 1051 2327; x_wconf 92' lang='lat' dir='ltr'><strong>qui</strong></span> <span class='ocrx_word' id='word_1_117' title='bbox 1072 2245 1220 2327; x_wconf 89' lang='lat' dir='ltr'><strong>dissipat</strong></span> <span class='ocrx_word' id='word_1_118' title='bbox 1236 2265 1316 2309; x_wconf 90' lang='lat' dir='ltr'><strong>con-</strong></span> 
     </span>
     <span class='ocr_line' id='line_1_19' title="bbox 368 2341 1317 2425; baseline 0.001 -19"><span class='ocrx_word' id='word_1_119' title='bbox 368 2343 448 2406; x_wconf 89' lang='lat' dir='ltr'><strong>silia</strong></span> <span class='ocrx_word' id='word_1_120' title='bbox 463 2345 697 2425; x_wconf 91' lang='lat' dir='ltr'><strong>reproborum.</strong></span> <span class='ocrx_word' id='word_1_121' title='bbox 721 2341 815 2408; x_wconf 91' lang='lat' dir='ltr'><strong>Nam</strong></span> <span class='ocrx_word' id='word_1_122' title='bbox 830 2362 909 2406; x_wconf 90' lang='lat' dir='ltr'><strong>cum</strong></span> <span class='ocrx_word' id='word_1_123' title='bbox 925 2362 987 2424; x_wconf 91' lang='lat' dir='ltr'><strong>per</strong></span> <span class='ocrx_word' id='word_1_124' title='bbox 1000 2344 1152 2407; x_wconf 91' lang='lat' dir='ltr'><strong>triduum</strong></span> <span class='ocrx_word' id='word_1_125' title='bbox 1166 2344 1317 2407; x_wconf 88' lang='lat' dir='ltr'><strong>insultus</strong></span> 
     </span>
     <span class='ocr_line' id='line_1_20' title="bbox 368 2442 1318 2525; baseline 0.001 -20"><span class='ocrx_word' id='word_1_126' title='bbox 368 2442 557 2505; x_wconf 86' lang='lat' dir='ltr'><strong>infidelium</strong></span> <span class='ocrx_word' id='word_1_127' title='bbox 590 2443 743 2525; x_wconf 90' lang='lat' dir='ltr'><strong>undique</strong></span> <span class='ocrx_word' id='word_1_128' title='bbox 771 2442 983 2505; x_wconf 88' lang='lat' dir='ltr'><strong>venientium</strong></span> <span class='ocrx_word' id='word_1_129' title='bbox 1015 2443 1250 2524; x_wconf 89' lang='lat' dir='ltr'><strong>pertulissent,</strong></span> <span class='ocrx_word' id='word_1_130' title='bbox 1281 2451 1318 2507; x_wconf 90' lang='lat' dir='ltr'><strong>et</strong></span> 
     </span>
     <span class='ocr_line' id='line_1_21' title="bbox 363 2540 1319 2624; baseline 0.001 -21"><span class='ocrx_word' id='word_1_131' title='bbox 363 2541 439 2624; x_wconf 90' lang='lat' dir='ltr'><strong>jam</strong></span> <span class='ocrx_word' id='word_1_132' title='bbox 465 2542 565 2624; x_wconf 85' lang='lat' dir='ltr'><strong>quasi</strong></span> <span class='ocrx_word' id='word_1_133' title='bbox 586 2541 756 2605; x_wconf 90' lang='lat' dir='ltr'><strong>debilitati</strong></span> <span class='ocrx_word' id='word_1_134' title='bbox 778 2541 823 2604; x_wconf 91' lang='lat' dir='ltr'><strong>ab</strong></span> <span class='ocrx_word' id='word_1_135' title='bbox 842 2540 1002 2605; x_wconf 89' lang='lat' dir='ltr'><strong>hostibus</strong></span> <span class='ocrx_word' id='word_1_136' title='bbox 1027 2541 1172 2605; x_wconf 87' lang='lat' dir='ltr'><strong>deficere</strong></span> <span class='ocrx_word' id='word_1_137' title='bbox 1193 2542 1319 2623; x_wconf 85' lang='lat' dir='ltr'><strong>coepis-</strong></span> 
     </span>
     <span class='ocr_line' id='line_1_22' title="bbox 369 2637 1331 2721; baseline 0.002 -19"><span class='ocrx_word' id='word_1_138' title='bbox 369 2646 459 2714; x_wconf 88' lang='lat' dir='ltr'><strong>sent,</strong></span> <span class='ocrx_word' id='word_1_139' title='bbox 478 2658 558 2702; x_wconf 87' lang='lat' dir='ltr'><strong>ecce</strong></span> <span class='ocrx_word' id='word_1_140' title='bbox 579 2640 753 2721; x_wconf 88' lang='lat' dir='ltr'><strong>aspiciunt</strong></span> <span class='ocrx_word' id='word_1_141' title='bbox 774 2639 919 2703; x_wconf 83' lang='lat' dir='ltr'><strong>classem</strong></span> <span class='ocrx_word' id='word_1_142' title='bbox 941 2659 1019 2703; x_wconf 90' lang='lat' dir='ltr'><strong>cum</strong></span> <span class='ocrx_word' id='word_1_143' title='bbox 1041 2640 1222 2704; x_wconf 90' lang='lat' dir='ltr'><strong>duodecim</strong></span> <span class='ocrx_word' id='word_1_144' title='bbox 1240 2637 1331 2704; x_wconf 75' lang='lat' dir='ltr'><strong>mil·¹</strong></span> 
     </span>
     <span class='ocr_line' id='line_1_23' title="bbox 311 2737 1370 2804; baseline 0.005 -5"><span class='ocrx_word' id='word_1_145' title='bbox 311 2740 313 2744; x_wconf 71' lang='lat'>‘</span> <span class='ocrx_word' id='word_1_146' title='bbox 368 2737 460 2800; x_wconf 88' lang='lat' dir='ltr'><strong>libus</strong></span> <span class='ocrx_word' id='word_1_147' title='bbox 474 2737 655 2802; x_wconf 89' lang='lat' dir='ltr'><strong>Danorum</strong></span> <span class='ocrx_word' id='word_1_148' title='bbox 674 2745 709 2802; x_wconf 89' lang='lat' dir='ltr'><strong>et</strong></span> <span class='ocrx_word' id='word_1_149' title='bbox 728 2738 912 2802; x_wconf 89' lang='lat' dir='ltr'><strong>Frisonum</strong></span> <span class='ocrx_word' id='word_1_150' title='bbox 928 2738 1015 2803; x_wconf 91' lang='lat' dir='ltr'><strong>velis</strong></span> <span class='ocrx_word' id='word_1_151' title='bbox 1028 2739 1247 2803; x_wconf 87' lang='lat' dir='ltr'><strong>sinuantibns</strong></span> <span class='ocrx_word' id='word_1_152' title='bbox 1264 2760 1320 2804; x_wconf 86' lang='lat' dir='ltr'><strong>ac-</strong></span> <span class='ocrx_word' id='word_1_153' title='bbox 1367 2779 1370 2783; x_wconf 83' lang='lat'>.</span> 
     </span>
     <span class='ocr_line' id='line_1_24' title="bbox 370 2826 1318 2921; baseline 0.003 -22"><span class='ocrx_word' id='word_1_154' title='bbox 370 2836 491 2900; x_wconf 85' lang='lat' dir='ltr'><strong>cedere</strong></span> <span class='ocrx_word' id='word_1_155' title='bbox 518 2837 563 2900; x_wconf 90' lang='lat' dir='ltr'><strong>ad</strong></span> <span class='ocrx_word' id='word_1_156' title='bbox 585 2848 735 2918; x_wconf 90' lang='lat' dir='ltr'><strong>portum,</strong></span> <span class='ocrx_word' id='word_1_157' title='bbox 764 2856 879 2920; x_wconf 89' lang='lat' dir='ltr'><strong>quem,</strong></span> <span class='ocrx_word' id='word_1_158' title='bbox 907 2837 984 2902; x_wconf 90' lang='lat' dir='ltr'><strong>Deo</strong></span> <span class='ocrx_word' id='word_1_159' title='bbox 1008 2826 1214 2921; x_wconf 87' lang='lat' dir='ltr'><strong>opitulante,</strong></span> <span class='ocrx_word' id='word_1_160' title='bbox 1239 2859 1318 2903; x_wconf 90' lang='lat' dir='ltr'><strong>curn</strong></span> 
     </span>
     <span class='ocr_line' id='line_1_25' title="bbox 370 2935 1320 3021; baseline 0.005 -24"><span class='ocrx_word' id='word_1_161' title='bbox 370 2936 601 3018; x_wconf 87' lang='lat' dir='ltr'><strong>prosperitate</strong></span> <span class='ocrx_word' id='word_1_162' title='bbox 625 2942 748 3018; x_wconf 85' lang='lat' dir='ltr'><strong>optata</strong></span> <span class='ocrx_word' id='word_1_163' title='bbox 770 2935 997 3001; x_wconf 84' lang='lat' dir='ltr'><strong>intraverunt.</strong></span> <span class='ocrx_word' id='word_1_164' title='bbox 1046 2936 1115 3000; x_wconf 89' lang='lat' dir='ltr'><strong>His</strong></span> <span class='ocrx_word' id='word_1_165' title='bbox 1136 2945 1172 3002; x_wconf 88' lang='lat' dir='ltr'><strong>et</strong></span> <span class='ocrx_word' id='word_1_166' title='bbox 1197 2938 1320 3021; x_wconf 90' lang='lat' dir='ltr'><strong>hujus·</strong></span> 
     </span>
     <span class='ocr_line' id='line_1_26' title="bbox 370 3035 1319 3118; baseline 0.005 -22"><span class='ocrx_word' id='word_1_167' title='bbox 370 3035 474 3110; x_wconf 91' lang='lat' dir='ltr'><strong>modi,</strong></span> <span class='ocrx_word' id='word_1_168' title='bbox 497 3054 576 3116; x_wconf 88' lang='lat' dir='ltr'><strong>quae</strong></span> <span class='ocrx_word' id='word_1_169' title='bbox 601 3035 729 3098; x_wconf 87' lang='lat' dir='ltr'><strong>fiebant</strong></span> <span class='ocrx_word' id='word_1_170' title='bbox 752 3036 902 3113; x_wconf 88' lang='lat' dir='ltr'><strong>assidue,</strong></span> <span class='ocrx_word' id='word_1_171' title='bbox 927 3035 1118 3100; x_wconf 90' lang='lat' dir='ltr'><strong>visionibus</strong></span> <span class='ocrx_word' id='word_1_172' title='bbox 1133 3038 1319 3118; x_wconf 77' lang='lat' dir='ltr'><strong>&#39;permotus</strong></span> 
     </span>
     <span class='ocr_line' id='line_1_27' title="bbox 369 3132 1322 3200; baseline 0.004 -4"><span class='ocrx_word' id='word_1_173' title='bbox 369 3132 577 3197; x_wconf 85' lang='lat' dir='ltr'><strong>Salaadinus</strong></span> <span class='ocrx_word' id='word_1_174' title='bbox 601 3133 765 3199; x_wconf 83' lang='lat' dir='ltr'><strong>confusus</strong></span> <span class='ocrx_word' id='word_1_175' title='bbox 790 3134 835 3197; x_wconf 87' lang='lat' dir='ltr'><strong>ad</strong></span> <span class='ocrx_word' id='word_1_176' title='bbox 858 3142 958 3198; x_wconf 86' lang='lat' dir='ltr'><strong>terrae</strong></span> <span class='ocrx_word' id='word_1_177' title='bbox 981 3154 1055 3198; x_wconf 86' lang='lat' dir='ltr'><strong>suae</strong></span> <span class='ocrx_word' id='word_1_178' title='bbox 1076 3134 1240 3200; x_wconf 84' lang='lat' dir='ltr'><strong>inferiora</strong></span> <span class='ocrx_word' id='word_1_179' title='bbox 1262 3137 1322 3200; x_wconf 88' lang='lat' dir='ltr'><strong>dc-</strong></span> 
     </span>
     <span class='ocr_line' id='line_1_28' title="bbox 370 3233 516 3297; baseline 0.014 -2"><span class='ocrx_word' id='word_1_180' title='bbox 370 3233 516 3297; x_wconf 84' lang='lat' dir='ltr'><strong>scandit.</strong></span> 
     </span>
    </p>
   </div>
   <div class='ocr_carea' id='block_1_5' title="bbox 521 3403 1171 3487">
    <p class='ocr_par' dir='ltr' id='par_1_5' title="bbox 521 3403 1171 3487">
     <span class='ocr_line' id='line_1_29' title="bbox 521 3403 1171 3487; baseline 0.003 -21"><span class='ocrx_word' id='word_1_181' title='bbox 521 3404 570 3466; x_wconf 76' lang='lat' dir='ltr'><strong>Da</strong></span> <span class='ocrx_word' id='word_1_182' title='bbox 591 3423 700 3487; x_wconf 67' lang='lat' dir='ltr'><strong>mayoc</strong></span> <span class='ocrx_word' id='word_1_183' title='bbox 716 3403 927 3487; x_wconf 54' lang='lat' dir='ltr'><strong>impedimen</strong></span> <span class='ocrx_word' id='word_1_184' title='bbox 945 3413 1036 3468; x_wconf 76' lang='lat' dir='ltr'><strong>terrae</strong></span> <span class='ocrx_word' id='word_1_185' title='bbox 1051 3413 1171 3469; x_wconf 72' lang='lat' dir='ltr'><strong>sancte.</strong></span> 
     </span>
    </p>
   </div>
   <div class='ocr_carea' id='block_1_6' title="bbox 219 3523 1383 4105">
    <p class='ocr_par' dir='ltr' id='par_1_6' title="bbox 219 3523 1383 3712">
     <span class='ocr_line' id='line_1_30' title="bbox 269 3523 1322 3594; baseline 0.007 -7"><span class='ocrx_word' id='word_1_186' title='bbox 269 3551 280 3580; x_wconf 81' lang='lat' dir='ltr'><strong>r</strong></span> <span class='ocrx_word' id='word_1_187' title='bbox 308 3551 342 3580; x_wconf 72' lang='lat' dir='ltr'><strong>oe·</strong></span> <span class='ocrx_word' id='word_1_188' title='bbox 438 3523 599 3590; x_wconf 87' lang='lat' dir='ltr'><strong>Accessit</strong></span> <span class='ocrx_word' id='word_1_189' title='bbox 624 3532 739 3590; x_wconf 89' lang='lat' dir='ltr'><strong>autern</strong></span> <span class='ocrx_word' id='word_1_190' title='bbox 765 3526 819 3590; x_wconf 91' lang='lat' dir='ltr'><strong>his</strong></span> <span class='ocrx_word' id='word_1_191' title='bbox 845 3526 966 3591; x_wconf 87' lang='lat' dir='ltr'><strong>diebus</strong></span> <span class='ocrx_word' id='word_1_192' title='bbox 993 3528 1038 3591; x_wconf 89' lang='lat' dir='ltr'><strong>ad</strong></span> <span class='ocrx_word' id='word_1_193' title='bbox 1064 3534 1166 3592; x_wconf 86' lang='lat' dir='ltr'><strong>terrae</strong></span> <span class='ocrx_word' id='word_1_194' title='bbox 1190 3538 1322 3594; x_wconf 83' lang='lat' dir='ltr'><strong>sanctae</strong></span> 
     </span>
     <span class='ocr_line' id='line_1_31' title="bbox 219 3601 1383 3712; baseline 0.009 -31"><span class='ocrx_word' id='word_1_195' title='bbox 219 3602 251 3681; x_wconf 79' lang='lat' dir='ltr'><strong>·⁰n</strong></span> <span class='ocrx_word' id='word_1_196' title='bbox 264 3601 276 3629; x_wconf 75' lang='lat'><strong>⁰</strong></span> <span class='ocrx_word' id='word_1_197' title='bbox 290 3651 307 3681; x_wconf 76' lang='lat' dir='ltr'><strong>e.</strong></span> <span class='ocrx_word' id='word_1_198' title='bbox 372 3643 535 3706; x_wconf 78' lang='lat' dir='ltr'><strong>magnum</strong></span> <span class='ocrx_word' id='word_1_199' title='bbox 564 3625 845 3706; x_wconf 90' lang='lat' dir='ltr'><strong>impedimentum</strong></span> <span class='ocrx_word' id='word_1_200' title='bbox 875 3626 1060 3703; x_wconf 89' lang='lat' dir='ltr'><strong>discordia,</strong></span> <span class='ocrx_word' id='word_1_201' title='bbox 1093 3646 1171 3710; x_wconf 88' lang='lat' dir='ltr'><strong>quae</strong></span> <span class='ocrx_word' id='word_1_202' title='bbox 1200 3648 1322 3712; x_wconf 90' lang='lat' dir='ltr'><strong>nuper,</strong></span> <span class='ocrx_word' id='word_1_203' title='bbox 1380 3673 1383 3678; x_wconf 90' lang='lat'><em>-</em></span> 
     </span>
    </p>

    <p class='ocr_par' dir='ltr' id='par_1_7' title="bbox 370 3725 1323 3808">
     <span class='ocr_line' id='line_1_32' title="bbox 370 3725 1323 3808; baseline 0.006 -21"><span class='ocrx_word' id='word_1_204' title='bbox 370 3731 407 3788; x_wconf 92' lang='lat' dir='ltr'><strong>et</strong></span> <span class='ocrx_word' id='word_1_205' title='bbox 428 3731 508 3806; x_wconf 89' lang='lat' dir='ltr'><strong>post</strong></span> <span class='ocrx_word' id='word_1_206' title='bbox 531 3743 665 3788; x_wconf 86' lang='lat' dir='ltr'><strong>crucem</strong></span> <span class='ocrx_word' id='word_1_207' title='bbox 686 3732 896 3806; x_wconf 88' lang='lat' dir='ltr'><strong>susceptam,</strong></span> <span class='ocrx_word' id='word_1_208' title='bbox 917 3725 1147 3808; x_wconf 79' lang='lat' dir='ltr'><strong>interregem</strong></span> <span class='ocrx_word' id='word_1_209' title='bbox 1172 3725 1323 3793; x_wconf 79' lang='lat' dir='ltr'><strong>Franco</strong></span> 
     </span>
    </p>

    <p class='ocr_par' dir='ltr' id='par_1_8' title="bbox 372 3823 1324 3892">
     <span class='ocr_line' id='line_1_33' title="bbox 372 3823 1324 3892; baseline 0.005 -6"><span class='ocrx_word' id='word_1_210' title='bbox 372 3843 448 3886; x_wconf 91' lang='lat' dir='ltr'><strong>rum</strong></span> <span class='ocrx_word' id='word_1_211' title='bbox 462 3830 498 3887; x_wconf 88' lang='lat' dir='ltr'><strong>et</strong></span> <span class='ocrx_word' id='word_1_212' title='bbox 514 3823 673 3887; x_wconf 91' lang='lat' dir='ltr'><strong>comitem</strong></span> <span class='ocrx_word' id='word_1_213' title='bbox 692 3823 945 3889; x_wconf 88' lang='lat' dir='ltr'><strong>Pictaviensem</strong></span> <span class='ocrx_word' id='word_1_214' title='bbox 966 3825 1177 3889; x_wconf 89' lang='lat' dir='ltr'><strong>Richardum</strong></span> <span class='ocrx_word' id='word_1_215' title='bbox 1192 3846 1237 3891; x_wconf 84' lang='lat' dir='ltr'><strong>ex</strong></span> <span class='ocrx_word' id='word_1_216' title='bbox 1254 3847 1324 3892; x_wconf 91' lang='lat' dir='ltr'><strong>una</strong></span> 
     </span>
    </p>

    <p class='ocr_par' dir='ltr' id='par_1_9' title="bbox 373 3921 1324 4007">
     <span class='ocr_line' id='line_1_34' title="bbox 373 3921 1324 4007; baseline 0.006 -22"><span class='ocrx_word' id='word_1_217' title='bbox 373 3929 471 4005; x_wconf 87' lang='lat' dir='ltr'><strong>parte</strong></span> <span class='ocrx_word' id='word_1_218' title='bbox 499 3929 535 3986; x_wconf 88' lang='lat' dir='ltr'><strong>et</strong></span> <span class='ocrx_word' id='word_1_219' title='bbox 564 3921 766 3999; x_wconf 89' lang='lat' dir='ltr'><strong>Henricum,</strong></span> <span class='ocrx_word' id='word_1_220' title='bbox 795 3944 912 4005; x_wconf 82' lang='lat' dir='ltr'><strong>regem</strong></span> <span class='ocrx_word' id='word_1_221' title='bbox 940 3923 1148 4007; x_wconf 85' lang='lat' dir='ltr'><strong>Anglorum,</strong></span> <span class='ocrx_word' id='word_1_222' title='bbox 1171 3927 1324 3991; x_wconf 87' lang='lat' dir='ltr'><strong>surrexit</strong></span> 
     </span>
    </p>

    <p class='ocr_par' dir='ltr' id='par_1_10' title="bbox 374 4021 1323 4105">
     <span class='ocr_line' id='line_1_35' title="bbox 374 4021 1323 4105; baseline 0.006 -21"><span class='ocrx_word' id='word_1_223' title='bbox 374 4040 419 4083; x_wconf 89' lang='lat' dir='ltr'><strong>ex</strong></span> <span class='ocrx_word' id='word_1_224' title='bbox 450 4021 572 4098; x_wconf 86' lang='lat' dir='ltr'><strong>altera,</strong></span> <span class='ocrx_word' id='word_1_225' title='bbox 598 4022 685 4085; x_wconf 88' lang='lat' dir='ltr'><strong>adeo</strong></span> <span class='ocrx_word' id='word_1_226' title='bbox 714 4022 852 4105; x_wconf 91' lang='lat' dir='ltr'><strong>quidem</strong></span> <span class='ocrx_word' id='word_1_227' title='bbox 880 4032 919 4087; x_wconf 91' lang='lat' dir='ltr'><strong>ut</strong></span> <span class='ocrx_word' id='word_1_228' title='bbox 946 4031 1068 4087; x_wconf 88' lang='lat' dir='ltr'><strong>mutua</strong></span> <span class='ocrx_word' id='word_1_229' title='bbox 1103 4023 1148 4087; x_wconf 91' lang='lat' dir='ltr'><strong>ad</strong></span> <span class='ocrx_word' id='word_1_230' title='bbox 1175 4023 1323 4090; x_wconf 81' lang='lat' dir='ltr'><strong>invicem</strong></span> 
     </span>
    </p>
   </div>
   <div class='ocr_carea' id='block_1_7' title="bbox 372 4119 1323 4219">
    <p class='ocr_par' dir='ltr' id='par_1_11' title="bbox 372 4119 1323 4219">
     <span class='ocr_line' id='line_1_36' title="bbox 372 4119 1323 4219; baseline 0.006 -36"><span class='ocrx_word' id='word_1_231' title='bbox 372 4119 516 4184; x_wconf 88' lang='lat' dir='ltr'><strong>castella</strong></span> <span class='ocrx_word' id='word_1_232' title='bbox 537 4121 749 4219; x_wconf 88' lang='lat' dir='ltr'><strong>surriperent</strong></span> <span class='ocrx_word' id='word_1_233' title='bbox 772 4128 806 4184; x_wconf 89' lang='lat' dir='ltr'><strong>et</strong></span> <span class='ocrx_word' id='word_1_234' title='bbox 828 4123 939 4186; x_wconf 88' lang='lat' dir='ltr'><strong>multa</strong></span> <span class='ocrx_word' id='word_1_235' title='bbox 957 4122 1107 4186; x_wconf 89' lang='lat' dir='ltr'><strong>malain</strong></span> <span class='ocrx_word' id='word_1_236' title='bbox 1130 4123 1323 4189; x_wconf 90' lang='lat' dir='ltr'><strong>homicidiis</strong></span> 
     </span>
    </p>
   </div>
   <div class='ocr_carea' id='block_1_8' title="bbox 0 0 1431 4882">
    <p class='ocr_par' dir='ltr' id='par_1_12' title="bbox 0 0 1431 4882">
     <span class='ocr_line' id='line_1_37' title="bbox 0 0 1431 4882; baseline 0 0"><span class='ocrx_word' id='word_1_237' title='bbox 0 0 1431 4882; x_wconf 95' lang='lat' dir='ltr'><strong> </strong></span> 
     </span>
    </p>
   </div>
  </div>
 </body>
</html>
