2820 4882
304 420 348 483 70
563 432 697 480 aocnnr
722 432 769 479 nn
792 430 999 479 wnunovnn

145 608 267 699 ss·,¹',·¹⁰⁹,⁶,·
307 602 429 658 contra
460 601 670 677 praeceptum
711 586 929 676 imperatoris
964 591 1112 675 populus
1145 591 1256 656 cervi-

144 670 296 752 siciliae.
308 714 410 759 cosus
427 714 523 758 arma
548 702 705 759 moverat
722 694 918 770 temeraria,
936 694 996 776 qui
1012 691 1186 758 consuluit
1203 692 1257 754 in-

308 795 448 859 doctum
463 795 602 877 vulgus,
629 803 668 859 ut
687 795 829 878 pacifice
854 793 946 876 apud
962 791 1256 874 Constantinopo-

300 895 369 959 -lim
395 903 615 978 exspectaret
645 895 822 977 usquead
848 893 1036 958 adventum
1060 893 1257 975 principum

309 996 388 1060 illos
413 996 706 1079 subsequentium,
721 996 781 1078 qui
796 995 1036 1078 prudentiores
1049 993 1135 1076 ipsis
1156 1001 1257 1057 erant

310 1103 345 1159 et
376 1097 418 1160 ad
448 1097 587 1180 plenum
625 1097 661 1159 in
693 1095 817 1159 militia
845 1093 982 1158 eruditi.
1034 1094 1257 1159 solimannus

308 1215 404 1274 vero,
428 1217 497 1261 non
523 1195 711 1260 sufficiente
728 1195 820 1277 quod
837 1194 966 1259 factum
980 1194 1105 1271 fuerat,
1120 1194 1156 1257 in
1180 1212 1257 1258 cas·

309 1303 364 1360 tra
388 1297 487 1361 irruit
502 1297 684 1372 violenter,
699 1303 734 1360 et
753 1315 865 1372 senes,
883 1294 1167 1370 valetudinarios,
1181 1314 1257 1358 mo·

310 1395 440 1459 nachos
452 1390 499 1460 ¹et
513 1397 702 1473 ordinatos,
713 1403 899 1472 matronas,
914 1394 1048 1477 puellas
1064 1402 1099 1459 et
1116 1414 1257 1476 pueros,

310 1497 419 1559 inore
442 1496 549 1578 gladii
569 1497 742 1560 interemit
757 1496 906 1574 multos3
941 1494 1108 1578 quosdam
1128 1500 1258 1572 tamen,

310 1615 455 1678 quorum
485 1603 572 1660 aetas
594 1616 657 1678 pro
682 1597 732 1660 eis
760 1596 995 1660 intercedebat
1012 1602 1047 1658 et
1071 1593 1189 1670 facies,
1213 1595 1258 1658 ad

311 1696 375 1759 hoc
398 1697 598 1761 reservabat
623 1695 764 1773 illaesos,
787 1703 827 1758 ut
848 1702 1024 1778 perpetuae
1048 1694 1258 1778 subjicerent

310 1797 478 1861 servituti.
531 1796 618 1860 Erat
634 1803 750 1860 autem
766 1815 873 1878 prope
892 1803 1007 1860 castra
1024 1794 1187 1872 fidelium,
1203 1815 1258 1860 se-

311 1917 372 1960 cus
386 1897 484 1961 littus
499 1897 616 1974 maris,
632 1903 732 1960 vetus
749 1896 922 1978 quoddam
940 1896 1137 1978 praesidium
1160 1894 1258 1959 habi-

311 1997 481 2061 tatoribus
504 2015 665 2073 vacuum,
695 1997 730 2059 in
757 2016 826 2079 quo
852 1997 1058 2061 necessitate
1089 1996 1259 2078 compulsi

311 2098 354 2161 ad
378 2099 446 2161 tria
465 2097 573 2161 millia
595 2097 853 2179 peregrinorum
879 2116 917 2160 se
942 2095 1175 2172 contulerunt,
1200 2115 1257 2160 sa·

310 2197 415 2262 lutem
435 2217 472 2261 se
493 2198 539 2261 ibi
563 2216 665 2279 posse
680 2197 843 2279 consequi
861 2195 1087 2276 arbitrantes3
1110 2215 1258 2278 cumque

311 2297 346 2359 in
367 2317 407 2361 eo
425 2316 446 2361 a
466 2297 668 2361 Solimanno
687 2297 833 2361 fuissent
848 2297 996 2373 obsides,
1020 2314 1095 2359 sese
1112 2296 1260 2361 viriliter

311 2395 544 2475 defendenteS,
568 2396 694 2460 Petrus
716 2398 759 2460 ad
777 2398 1017 2480 imperatorem
1033 2396 1187 2473 veniens,
1204 2396 1258 2460 fu·

310 2496 358 2559 sis
381 2495 556 2561 humiliter
583 2497 754 2579 precibus,
779 2496 939 2573 obtinuit,
974 2504 1013 2560 ut
1038 2496 1143 2560 missa
1174 2496 1258 2561 illuc

309 2596 433 2660 militia
469 2596 632 2680 reliquias
671 2597 790 2680 populi
823 2597 930 2662 faciat
958 2596 1122 2677 liberari;
1165 2599 1256 2679 quod

309 2717 386 2760 cum
405 2696 535 2762 factum
557 2697 692 2775 fuisset,
715 2698 881 2761 remansit
899 2696 1025 2761 Petrus
1048 2697 1140 2779 apud
1166 2696 1257 2762 Con-

309 2797 570 2879 stantinopolim
586 2817 666 2860 cum
683 2797 836 2880 reliquiis
860 2798 1045 2874 exercitus,
1063 2797 1257 2881 principum

309 2904 516 2979 exspectans
532 2898 730 2962 adventum.

431 3071 480 3135 Dc
489 3072 664 3157 perquiras
679 3071 860 3157 quibasdam
875 3071 943 3137 dolo
957 3073 1134 3157 interfectas.

149 3213 263 3304 ppppcppl
361 3193 508 3260 Secutus
549 3203 603 3260 est
641 3204 756 3260 autem
795 3196 858 3260 hos
893 3216 994 3260 cruce
1032 3198 1190 3279 signatos
1222 3199 1258 3261 in

266 3293 271 3303 “
309 3297 598 3378 peregrinationis
629 3304 711 3360 voto
745 3297 905 3361 sacerdos
937 3297 1090 3380 quidam,
1120 3299 1258 3362 nomine

311 3394 538 3460 Godescallus
562 3403 597 3459 et
614 3397 753 3460 natione
767 3396 992 3474 Teutonicae,
1014 3398 1085 3480 qui,
1107 3399 1256 3478 gratiam

309 3496 438 3560 habens
471 3495 733 3573 exhortationis
768 3498 812 3559 ad
844 3497 1038 3579 quindecim
1068 3498 1179 3562 millia
1214 3500 1258 3563 de

309 3615 416 3677 regno
433 3594 702 3659 Teutonicorum
717 3597 761 3660 ad
778 3616 865 3679 opus
883 3598 995 3661 crucis
1011 3597 1048 3661 in
1060 3595 1257 3680 Hungariae

309 3695 396 3758 fines
426 3695 614 3773 conduxit3
642 3696 701 3759 ubi
732 3717 810 3760 cum
836 3699 992 3762 exercitu
1018 3718 1082 3762 suo
1106 3699 1256 3777 venalia,

310 3795 352 3858 de
377 3795 541 3858 mandato
566 3796 669 3876 regiS,
694 3797 795 3860 bonis
819 3798 1072 3862 conditionibus
1092 3799 1136 3862 ab
1152 3797 1255 3862 Hun-

310 3895 404 3975 garis
438 3896 664 3977 accepissent,
690 3897 930 3962 alimentorum
963 3899 1141 3980 opulentia
1170 3899 1256 3962 abu-

309 4000 421 4058 tentes
436 4002 472 4058 et
489 3996 648 4060 ebrietati
662 4004 839 4075 vacantes,
856 3997 900 4060 ad
918 4018 1073 4090 enormes
1089 4018 1256 4081 prorupe-

310 4102 389 4158 runt
415 4095 572 4178 injurias
589 4097 724 4177 praedas
747 4106 891 4180 agentes
908 4108 942 4162 et
958 4106 1109 4180 stragem
1133 4100 1169 4162 in
1193 4119 1255 4182 po·

412 4314 420 4346 ¹
434 4317 467 4365 Et
479 4316 622 4378 ordinatos]
641 4318 689 4365 ‘Et
702 4319 796 4366 clerum
810 4320 952 4367 universum
963 4315 977 4379 ;'
990 4319 1059 4369 Will.
1071 4319 1132 4381 Tyr.
