2820 4882
363 375 429 440 384
619 393 754 441 nocem
782 393 829 440 nn
855 391 1059 441 wnunovun

203 559 326 601 A·1>·¹¹⁷⁵·
363 569 448 631 pore
463 550 668 614 discriminis
684 550 774 613 inter
788 557 921 632 patrem
939 556 974 612 et
991 548 1100 612 filium
1117 553 1320 612 constructa

362 649 512 727 fuerant,
527 650 655 732 passim
672 668 794 714 eversa
809 655 902 725 sunt,
917 667 998 730 rege
1009 647 1166 732 jubente.

413 825 508 910 Bepcs
524 823 711 910 duplorum,
721 831 816 909 poter
830 822 967 904 etsilias,
982 820 1102 886 beatam
1121 820 1269 886 Tleomom

756 922 926 1007 putarunt.

202 1057 259 1098 tl>-
269 1057 327 1098 ¹¹⁷⁶·
418 1043 520 1111 Anno
533 1046 673 1110 Domini
686 1063 868 1110 mcnxxvn
886 1065 985 1128 reges
998 1043 1205 1127 Anglorum,
1217 1052 1321 1127 pater

203 1107 276 1156 Henry
285 1109 327 1148 and

203 1158 320 1207 thoronus
366 1153 401 1211 et
420 1147 524 1224 filius,
543 1146 580 1209 in
601 1144 765 1227 Angliam
783 1145 960 1210 venientes
982 1165 1045 1227 per
1064 1145 1137 1209 dics
1159 1145 1317 1225 singulos

204 1207 256 1255 king
264 1207 316 1248 vlslt

204 1256 301 1297 Becker·

205 1307 270 1346 romb.

366 1246 402 1309 in
424 1247 543 1310 eadem
565 1263 685 1308 mensa
710 1251 792 1308 sunt
816 1245 946 1322 refecti,
971 1251 1007 1308 et
1028 1245 1119 1308 idern
1141 1244 1318 1308 thalamus

366 1346 519 1410 fomenta
538 1345 665 1428 quietis
685 1344 813 1407 eisdem
836 1345 879 1408 de
900 1345 1059 1408 noctibus
1081 1343 1317 1422 ministravit3

367 1451 403 1508 et
422 1452 648 1527 properantes
672 1443 786 1521 simul,
810 1451 850 1507 ut
870 1445 1009 1508 beatum
1035 1443 1206 1507 Thomam
1229 1462 1320 1506 mar·

367 1551 478 1628 tyram
495 1545 673 1626 egregium
688 1536 898 1621 ¹visitarent,
916 1563 993 1607 cum
1012 1543 1106 1608 omni
1123 1543 1321 1606 humilitate

366 1644 562 1708 orationum
580 1651 615 1707 ot
634 1642 897 1707 mansuetudine
915 1649 998 1708 vota
1016 1649 1248 1725 peregerunt3
1268 1643 1321 1705 in-

368 1743 480 1825 deque
504 1763 565 1826 pcr
588 1741 753 1824 Angliam
777 1743 908 1825 pariter
933 1742 1080 1825 profecti
1105 1761 1226 1825 pacem
1250 1743 1322 1805 sin-

369 1843 461 1924 gulis
483 1849 519 1906 et
531 1841 718 1928 justitiam,
738 1848 810 1905 tam
831 1842 964 1907 clericis
985 1861 1088 1924 quam
1109 1842 1220 1919 laicis,
1241 1861 1324 1924 pro-

368 1943 536 2007 miserunt
568 1949 604 2006 ct
632 1941 668 2005 id
700 1960 804 2025 opere
843 1942 1114 2024 compleverunt.
1186 1940 1320 2006 Eodem

369 2061 462 2106 anno
485 2041 681 2106 Willelmus
703 2040 746 2105 de
769 2042 919 2105 Brausia
943 2040 1198 2105 multitudinem
1222 2041 1320 2105 Wal-

369 2141 516 2204 lensium
533 2139 569 2203 in
586 2140 729 2205 castello
750 2141 792 2205 de
814 2141 1028 2223 Bergevenei
1050 2139 1174 2204 callide
1193 2159 1320 2204 convo

369 2244 483 2304 catam
503 2239 691 2323 prohibuit,
715 2260 758 2304 ne
780 2241 858 2323 quis
881 2240 1058 2323 cnipulum
1080 2239 1185 2304 ferret
1206 2240 1322 2304 viator

369 2341 426 2404 vel
441 2359 571 2417 arcum,
589 2338 662 2416 sed,
680 2338 748 2403 illis
768 2339 965 2424 hujusmodi
985 2340 1124 2403 decreto
1144 2338 1320 2403 contradi-

369 2439 538 2517 centibus,
555 2439 696 2521 capitali
721 2458 839 2504 omnes
861 2438 1034 2503 sententia
1056 2434 1320 2518 condemnarit,

370 2538 442 2620 qui,
460 2545 500 2602 ut
521 2538 725 2621 proditionis
749 2559 822 2603 suae
844 2538 1035 2622 nequitiam
1054 2538 1154 2621 quasi
1175 2539 1240 2602 sub
1261 2558 1324 2602 ve

369 2636 496 2701 lamine
523 2638 715 2702 honestatis
737 2637 918 2722 palliatam
939 2638 1126 2719 intelligas,
1148 2637 1214 2702 hoc
1238 2636 1322 2702 fecit

369 2738 406 2800 in
434 2737 599 2802 ultionem
625 2737 787 2801 avunculi
812 2738 867 2801 sui
894 2736 1039 2801 Henrici
1064 2738 1107 2800 de
1132 2736 1320 2815 Hereford,

370 2856 472 2919 quem
495 2838 563 2920 ipsi
582 2837 619 2900 in
638 2843 758 2902 sancto
780 2837 924 2901 sabbato
942 2837 1087 2901 Paschae
1104 2843 1208 2901 antea
1226 2832 1321 2920 pere

370 2943 519 3001 merunt.
571 2936 702 3001 Eodem
722 2957 813 3000 anno
834 2936 1041 3014 Richardus,
1059 2934 1321 3000 Cantuariensis

371 3035 661 3119 archiepiscopus,
684 3036 721 3100 in
746 3035 873 3100 diocesi
897 3056 973 3114 sua,
997 3055 1075 3122 quac
1100 3037 1144 3100 ab
1168 3037 1322 3119 antiquis

370 3135 582 3218 temporibus
600 3156 670 3200 uno
691 3142 827 3199 tautum
847 3136 960 3200 lucrat
981 3135 1224 3199 archidiacono
1242 3155 1326 3200 con·

371 3241 479 3311 tenta,
497 3235 627 3300 ultimis
649 3235 702 3298 his
728 3235 848 3299 diebus
870 3241 940 3299 tres
963 3235 1223 3300 archidiaconos
1243 3256 1324 3301 con-

371 3334 497 3410 stituit,
525 3333 727 3399 Savaricum
759 3336 903 3412 scilicet,
933 3334 1117 3399 Nicolaum
1147 3342 1183 3399 et
1210 3334 1322 3401 Here·

369 3434 517 3498 bertum.
556 3434 685 3498 Eodem
702 3453 794 3499 anno
813 3428 854 3498 ²J
857 3435 1021 3512 ohannes,
1041 3434 1193 3499 decanus
1213 3435 1323 3499 Saris-

370 3533 548 3610 beriensis,
569 3540 791 3598 consecratus
816 3540 870 3598 est
891 3535 1037 3599 antistes
1058 3533 1321 3615 Norwicensis3

371 3650 435 3695 nec
459 3633 568 3696 multo
592 3640 673 3715 post
700 3653 764 3697 rex
786 3633 981 3716 Anglorum
1004 3633 1086 3698 lecit
1109 3635 1322 3717 complanari

372 3732 516 3796 castella
543 3731 585 3795 de
613 3732 847 3815 legecestria,
873 3733 1138 3811 Huntendonia,
1163 3734 1322 3799 Waleto·

371 3832 441 3908 nia,
455 3831 497 3895 de
514 3829 623 3895 Grobi
639 3839 674 3896 et
696 3831 900 3911 Stutesberi,
917 3834 959 3897 de
977 3832 1069 3896 Haie
1086 3841 1122 3898 et
1142 3834 1184 3896 de
1201 3833 1322 3913 Tresc,

371 3937 406 3994 et
437 3932 507 3994 alia
534 3931 799 4014 quamplurima,
833 3934 870 3997 in
910 3933 1074 3998 ultionem
1106 3933 1322 4017 injuriarum,

395 4093 403 4126 ¹
413 4092 570 4165 Visitareat]
583 4097 625 4148 On
632 4099 675 4149 the
682 4099 743 4148 Μ
750 4099 814 4161 May
824 4116 831 4161 ς
891 4096 902 4129 ²
912 4100 1065 4164 dubrauca]
1082 4101 1160 4162 John,
1172 4116 1188 4150 a
1202 4103 1288 4152 native
1298 4103 1327 4152 ol

369 4166 470 4229 Diceto,
481 4167 529 4218 col.
540 4172 599 4220 58⁵.
858 4168 956 4220 Oxford
966 4186 973 4231 ;
985 4169 1017 4220 he
1029 4170 1089 4220 died
1101 4172 1151 4220 dud
1163 4173 1233 4222 June
1242 4177 1315 4225 12⁰0.
