2820 4882
418 437 558 486 aucuns
582 439 850 488 ursromsuun.
1042 423 1108 488 aba

158 589 254 654 uncis
277 589 397 655 ferreis
422 599 457 655 et
481 593 601 675 ignitis
628 613 691 675 per
711 595 830 658 oculos
857 602 892 659 et
915 616 1027 672 nares,
1047 596 1243 659 aliis-uua.

157 711 218 772 per
238 709 340 754 aures
363 697 399 753 et
416 689 547 770 fauces,
570 694 630 757 alii
653 713 714 775 per
739 695 918 759 testiculos
940 703 975 759 et
998 667 1269 778 mam-diffidi?

157 790 280 866 millas,
304 810 368 855 nec
398 790 489 855 inter
513 793 616 857 fletus
643 793 787 858 miseros
810 796 1049 859 universorum
1072 802 1107 859 et
1118 771 1139 810 ⁸¹
1148 770 1224 809 mm

157 889 308 972 ejulatus
335 891 474 972 flagella
499 893 694 956 daemonum
720 893 933 974 defuerunt3
957 914 1105 977 cumque

159 990 302 1053 militem
319 990 387 1067 hic,
405 991 495 1055 sicut
511 992 547 1054 in
563 992 641 1055 aliis
659 993 784 1074 poenis,
799 994 929 1058 inimici
946 1003 1106 1078 torquere

156 1089 360 1167 voluissent,
387 1110 511 1154 nomen
544 1090 674 1155 Christi
704 1093 883 1158 invocavit
912 1103 947 1158 et
973 1095 1105 1157 illaesus

158 1189 280 1254 evasit.

420 1291 470 1354 Do
484 1297 553 1353 rota
559 1288 671 1371 ferrea
686 1299 714 1354 et
729 1291 841 1375 ignita.

208 1410 264 1477 Ab
286 1413 347 1477 ille
370 1413 500 1495 poenali
519 1412 596 1476 loco
619 1412 793 1479 daemones
818 1414 961 1478 militem
984 1416 1105 1497 impel-

157 1513 268 1576 lentes
292 1520 458 1577 venerunt
489 1513 532 1576 ad
562 1518 674 1576 rotam
701 1515 875 1595 quandam
901 1515 1047 1579 ferream
1070 1521 1106 1580 et

158 1613 314 1694 ignitam,
346 1613 446 1697 cujus
474 1612 561 1675 radii
586 1619 622 1676 et
645 1613 761 1677 canthi
792 1615 891 1677 uncis
918 1614 1037 1679 ferreis
1071 1623 1107 1679 et

159 1713 279 1793 ignitis
305 1719 405 1775 erant
432 1712 584 1796 undique
607 1713 810 1791 circumfixi,
838 1715 873 1777 in
896 1714 1021 1796 quibus
1044 1715 1105 1780 ho·

157 1814 266 1875 mines
295 1813 484 1894 pendentes
517 1832 539 1876 a
567 1813 706 1876 flamma
738 1815 818 1877 tetri
860 1813 1106 1896 sulphureique

156 1910 318 1988 incendii,
335 1932 412 1995 quae
435 1932 457 1976 a
476 1919 568 1976 terra
590 1914 764 1995 surgebat,
787 1914 939 1995 graviter
958 1916 1105 1977 ureban-

156 2017 235 2091 tur3
268 2011 358 2074 hanc
381 2013 470 2075 enim
501 2018 613 2075 rotam
632 2013 805 2077 daemones
827 2019 927 2076 tanta
949 2014 1106 2095 agilitate

155 2111 395 2192 impingebant
411 2112 567 2176 vectibus
589 2112 793 2194 quibusdam
815 2111 946 2190 ferreis,
966 2120 1006 2176 ut
1028 2112 1105 2176 nul·
1190 2160 1196 2168 .

156 2211 227 2273 lum
250 2212 390 2275 omniuo
412 2211 584 2275 hominem
604 2212 648 2275 ab
675 2212 744 2276 alie
772 2213 884 2294 possis
901 2213 1103 2290 discernere,

157 2311 240 2392 quia
260 2330 334 2393 prae
351 2312 457 2375 nimia
478 2331 600 2375 cursus
623 2312 799 2376 celeritate
821 2310 904 2374 nihil
927 2313 993 2375 nisi
1014 2313 1105 2394 ignis

155 2410 352 2475 incendium
375 2413 587 2494 apparebat3
610 2431 673 2475 nec
690 2412 814 2476 minori
829 2418 1000 2475 tormento
1020 2432 1107 2476 vex·

157 2512 307 2575 abantur
322 2511 369 2587 hi,
382 2513 454 2593 qui,
462 2513 613 2575 verubus
629 2512 798 2589 transfixi,
811 2512 853 2575 ad
870 2512 985 2594 ignem
999 2514 1108 2576 assati

156 2610 429 2692 deguttabantur
461 2630 483 2674 a
513 2611 727 2676 daemonibus
752 2632 797 2676 ex
821 2612 970 2680 metallis
996 2612 1106 2694 lique·

157 2710 272 2787 fictis,
300 2711 356 2775 vel
382 2710 442 2794 qui
467 2711 664 2775 fornacibus
692 2713 944 2789 cremabantur,
970 2731 1031 2775 seu
1056 2711 1107 2775 illi

158 2811 217 2892 qui
239 2811 275 2873 in
298 2811 531 2892 sartaginibus
549 2811 773 2892 frigebantur.
825 2811 924 2875 Vidit
939 2819 1108 2894 praeterea

158 2911 270 2989 miles,
298 2911 512 2975 trahentibus
541 2931 619 2974 eum
649 2911 816 2974 ministris
843 2912 1016 2988 tartareis
1045 2911 1106 2974 do·

158 3030 252 3074 mum
285 3010 473 3075 innumeris
510 3011 671 3075 caldariis
704 3012 853 3094 plenam,
882 3030 971 3092 quae,
999 3011 1107 3092 piceis

158 3110 423 3193 sulphureisque
450 3110 696 3193 liquaminibus
730 3129 770 3174 ac
801 3110 946 3173 diversis
974 3109 1107 3191 repleta

158 3211 381 3275 bullientibus
413 3211 573 3288 metallis,
605 3210 760 3273 homines
791 3210 970 3291 utriusque
1000 3228 1105 3272 sexus

159 3311 271 3374 omnis
293 3310 500 3374 conditionis
522 3317 558 3373 et
581 3310 696 3373 aetatis
711 3310 932 3387 continebat3
960 3328 1104 3392 quorum

160 3410 297 3492 quidam
315 3430 360 3473 ex
374 3416 461 3486 toto,
482 3409 622 3492 quidam
645 3429 756 3492 usque
776 3408 958 3491 supercilia
973 3415 1008 3471 et
1025 3427 1107 3472 ocu·

160 3510 226 3586 los,
248 3508 307 3572 alii
332 3509 504 3592 usquead
530 3510 623 3573 labia
648 3516 683 3572 et
709 3510 811 3586 colla,
831 3509 890 3571 alii
915 3508 958 3570 ad
985 3515 1106 3590 pectus

159 3627 269 3691 usque
295 3615 330 3672 et
353 3608 497 3687 femora,
519 3610 579 3673 alii
602 3609 644 3672 ad
668 3627 783 3690 genua
805 3627 914 3691 usque
936 3615 971 3670 et
993 3627 1107 3686 crura,

160 3709 221 3772 alii
242 3727 381 3772 manum
404 3729 509 3773 unam
523 3709 580 3774 vel
603 3708 737 3792 pedem,
760 3707 820 3771 alii
843 3709 961 3771 ambas
984 3727 1106 3771 manus

159 3816 195 3873 et
220 3808 337 3893 pedes,
361 3808 398 3872 in
420 3809 581 3874 caldariis
607 3810 827 3886 tenebantur,
841 3815 876 3870 et
892 3827 1009 3872 omnes
1033 3827 1106 3889 prae

160 3908 288 3973 doloris
330 3910 493 3991 angustia
525 3909 762 3974 vociferabant
795 3928 836 3972 ac
868 3907 1107 3971 miserabiliter

161 4008 360 4094 ejulabant3
391 4015 437 4087 et,
462 4030 541 4073 cum
564 4010 751 4092 coepissent
771 4009 944 4071 daemones
964 4008 1106 4073 militem

160 4129 237 4173 cum
260 4108 338 4172 aliis
363 4110 594 4193 submergere,
617 4110 783 4173 liberatus
811 4115 864 4171 est
892 4107 1021 4171 Christi
1045 4128 1107 4171 no·

161 4211 250 4273 mine
267 4210 442 4272 invocato.
