2820 4882
198 590 253 629 ab.
264 591 320 629 loro.

199 641 286 689 Hutory
295 642 318 680 ol

360 401 404 466 76
616 418 751 466 nocnar
776 419 823 467 un
846 419 1053 467 wuunovun

363 576 452 640 unde
477 576 664 660 imperator
687 576 887 660 compulsus
912 578 1152 644 commercium
1175 579 1315 643 restitui

198 691 349 732 tracturiae..
362 678 487 742 iterato
505 678 682 761 praecepit.

200 1097 323 1135 Bohemond

198 1149 239 1185 and
248 1146 282 1185 his
290 1147 330 1186 rol·

198 1198 277 1237 lowcrr.

462 848 512 913 De
536 849 664 914 motione
690 849 872 914 Boamundi
892 849 1054 936 principia
1082 852 1118 917 ia
1142 875 1220 939 opus

784 950 894 1015 crucis.

411 1067 573 1153 Interea,¹
588 1073 668 1138 dum
686 1074 761 1138 haec
781 1075 873 1156 apud
891 1073 1228 1159 Constantinopolim
1250 1096 1313 1157 ge·

360 1184 495 1253 runtur,
518 1176 677 1245 dominus
703 1175 940 1253 BoamunduS,
960 1176 1107 1241 Roberti
1125 1174 1313 1240 Guiscardi

360 1276 463 1355 filius,
504 1276 664 1358 princeps
694 1274 916 1352 TarentinuS,
946 1277 1006 1359 qui
1042 1284 1123 1341 aute
1163 1276 1312 1340 hiemem
1351 1342 1355 1355 ,

361 1396 439 1442 cum
471 1397 534 1440 suo
576 1375 731 1440 exercitu
760 1374 977 1440 Adriaticum
1012 1395 1106 1440 mare
1134 1377 1311 1441 transiens

361 1475 592 1560 Dyrrachium
616 1495 727 1558 usque
750 1481 965 1558 pervenerat,
988 1477 1205 1560 perdeserta
1225 1477 1312 1540 Bul-

360 1578 468 1659 gariae
493 1576 537 1639 ad
554 1595 648 1652 suos
663 1576 723 1658 qui
743 1594 821 1638 eum
836 1577 1082 1658 sequebantur,
1098 1577 1311 1660 pedetentim

360 1677 569 1760 appropians
593 1676 790 1741 accedebat.
841 1675 1073 1741 Adhaeserant
1099 1696 1247 1760 namque
1274 1679 1310 1741 ei

360 1778 425 1840 viri
440 1777 580 1859 quidam
594 1775 726 1840 nobiles
740 1782 911 1858 potentes,
927 1795 1073 1858 quorum
1089 1777 1144 1841 hic
1157 1777 1193 1841 in
1209 1785 1310 1860 parte

359 1879 499 1942 nomina
525 1877 777 1958 subponamus3
801 1869 1020 1941 ²Tancredus
1036 1877 1203 1942 Willelmi
1217 1897 1311 1942 mar-

359 1978 491 2041 chionis
517 1976 621 2053 filius,
645 1976 841 2040 Richardus
870 1975 912 2041 de
938 1976 1144 2059 Principatu
1167 1984 1203 2042 et
1220 1977 1307 2042 Rai-

359 2078 475 2142 nullus
499 2077 607 2142 frater
630 2076 718 2160 ejus,
734 2075 909 2140 Robertus
934 2077 976 2140 de
991 2075 1109 2155 Anxa,
1133 2077 1309 2143 Herman-

359 2198 423 2242 nus
441 2179 483 2242 de
498 2177 615 2254 Carvi,
632 2177 806 2241 Robertus
823 2177 866 2240 de
883 2176 996 2241 Surda
1011 2177 1115 2253 valle,
1132 2179 1309 2242 Robertus

359 2278 525 2343 Turstani
559 2277 661 2354 filius,
689 2276 896 2340 Humsridus
930 2277 1022 2340 filius
1054 2277 1208 2356 Radulfi,
1242 2278 1308 2342 Ri-

358 2378 506 2441 chardus
530 2377 621 2440 filius
650 2378 787 2441 comitis
816 2376 971 2455 Ranulfi,
995 2396 1109 2442 comes
1140 2379 1182 2442 de
1212 2378 1307 2443 Rus-

358 2477 463 2541 sillun
480 2476 656 2541 etfratres
677 2476 765 2560 ejus,
788 2476 926 2541 Boeleis
944 2476 1181 2556 limatensis,
1201 2476 1307 2544 Albe·

358 2577 459 2641 redus
488 2577 531 2642 de
556 2577 737 2658 Cognano,
764 2577 971 2641 Humsridus
1002 2578 1093 2642 filius
1117 2578 1215 2662 ejus;
1241 2579 1307 2645 bos

357 2685 474 2742 autem
490 2679 723 2761 sequebantur
738 2677 857 2760 populi
871 2676 999 2755 Italici,
1015 2678 1261 2762 etquicunque
1284 2699 1307 2743 a

356 2778 513 2861 Tyrreno
541 2779 629 2841 mari
652 2779 687 2840 in
708 2776 923 2843 Adriaticum
947 2798 1056 2861 usque
1085 2779 1198 2842 sinum
1222 2798 1305 2842 con-

356 2880 595 2943 versabantur.
648 2877 700 2940 Hi
715 2897 834 2941 omues
855 2878 1025 2960 usquead
1043 2879 1162 2942 urbem
1179 2878 1305 2943 Casto-

355 2998 449 3042 ream
477 2978 673 3042 Boamundi
699 2978 829 3042 vexilla
854 2978 975 3055 secuti,
1008 2998 1087 3043 cum
1118 2998 1140 3042 a
1171 2978 1305 3044 civibus

356 3079 493 3143 venalia
524 3079 653 3161 populo
686 3098 756 3142 non
797 3076 1062 3155 exhibebantur,
1100 3078 1304 3144 contrahere

354 3199 478 3262 greges
501 3186 535 3243 et
553 3186 710 3242 armenta
726 3177 895 3260 compulsi
911 3185 992 3242 sunt
1008 3179 1190 3244 violenter.
1244 3179 1305 3243 In-

353 3279 464 3363 deque
479 3280 654 3363 progressi
671 3279 707 3342 iu
723 3278 864 3360 regione
880 3276 1075 3360 Pelagonia
1094 3287 1210 3343 castra
1229 3287 1303 3344 sta-

353 3386 514 3461 tuerunt3
541 3381 600 3444 ubi
626 3379 805 3443 audientes
820 3377 913 3460 quod
936 3378 971 3440 in
988 3379 1104 3443 vicino
1128 3387 1203 3444 erat
1226 3400 1304 3443 mu·

353 3480 516 3564 nicipium
534 3479 617 3544 solis
640 3478 811 3543 haereticis
840 3476 1094 3542 habitatoribus
1126 3479 1302 3558 refertum,

350 3579 433 3645 illuc
457 3579 723 3645 subceleritate
749 3576 975 3655 contendunt,
998 3585 1044 3656 et,
1062 3585 1212 3644 castrum
1229 3581 1304 3645 vio-

388 3839 395 3868 ¹
407 3840 525 3903 Interea]
537 3840 650 3888 William
664 3838 693 3888 of
700 3838 776 3899 Tyra
787 3853 813 3898 p.
838 3835 912 3896 lows,
923 3834 1007 3884 rather
1017 3835 1078 3885 thau
1089 3835 1144 3885 that
1154 3836 1184 3886 of
1191 3837 1304 3889 William

350 3914 407 3960 658.
838 3906 867 3954 of
880 3906 956 3967 Tyra,
974 3905 1037 3954 from
1048 3905 1132 3954 whom
1150 3907 1193 3956 the
1211 3913 1265 3957 text
1280 3911 1305 3959 is

385 3977 544 4029 ²Tuncredas
565 3976 704 4038 willelma]
731 3977 813 4026 Orde-
837 3975 923 4024 taken.
959 3975 987 4023 If
1006 3976 1044 4025 for
1066 3971 1156 4026 ‘lilius‘
1179 3993 1219 4026 we
1240 3981 1303 4029 read

349 4052 418 4100 ricus
428 4049 521 4098 Vitalis
532 4049 595 4099 calls
602 4049 717 4097 Tancred
729 4047 814 4097 ‘0d0·
838 4040 947 4108 ‘fratem'
967 4044 1009 4093 the
1028 4045 1151 4108 difficulty
1167 4049 1255 4096 would
1271 4051 1303 4099 be

349 4122 389 4169 nir
432 4119 506 4181 Boni,
545 4117 682 4182 marchisii,
717 4112 812 4179 tilium,’
836 4116 933 4164 solved.
970 4116 1029 4167 Ber.
1058 4116 1117 4167 Ital.
1146 4117 1249 4180 Scriptt.
1277 4136 1302 4172 v.

349 4191 435 4240 whose
463 4189 589 4251 authority
613 4190 738 4239 Muratori
767 4188 824 4256 fol·¹
836 4201 862 4247 p.
874 4189 931 4236 282.
