2820 4882
391 425 530 474 rnonns
554 426 823 476 nrsronrnnuu.
1045 413 1088 478 79

132 592 375 667 properarent,
401 584 445 650 ad
471 584 749 650 exhortationem
772 607 891 651 eornm
914 606 1029 652 comes
1051 596 1086 652 et
1099 607 1153 666 sn.
1166 607 1214 646 nn

131 687 325 768 imperator
346 686 634 765 reconciliantur3
657 694 705 764 et,
720 687 829 771 juxta
846 688 989 753 formam
1005 688 1086 752 iide-
1097 657 1248 748 didimia.

132 786 244 851 litatis
269 787 315 850 ab
337 786 416 851 aliis
435 785 576 864 sectam,
591 787 828 872 juramentum
849 788 1031 867 exhibens,
1049 789 1085 853 in

132 887 275 969 plenam
306 887 456 970 gratiam
486 907 646 952 reversus
676 888 775 952 donis
807 890 1006 972 ingentibus
1032 898 1086 954 est

131 986 338 1052 honoratus·
390 987 519 1052 Forma
541 996 656 1053 autem
673 989 850 1053 fidelitatis
865 989 940 1054 haec
962 998 1027 1066 cst,
1049 991 1086 1054 in

132 1106 241 1171 quam
259 1107 378 1153 omnes
403 1095 652 1153 consenserunt
664 1090 773 1153 totius
789 1091 977 1155 occidentis
991 1090 1085 1172 prin·

132 1188 230 1271 cipes
240 1209 250 1268 3
261 1263 264 1270 ,
275 1187 379 1268 Quod
392 1189 552 1253 civitates
566 1196 602 1254 et
616 1189 760 1254 castella
770 1211 848 1254 cum
860 1191 1086 1273 possessioni·

133 1289 201 1352 bus
213 1289 306 1367 aliis,
321 1309 401 1373 quae
424 1289 468 1352 ad
489 1289 550 1374 jus
573 1291 791 1372 imperatoris
815 1299 974 1374 spectare
990 1291 1086 1355 vide·

132 1390 276 1466 bantur,
290 1390 321 1453 si
332 1409 375 1454 ea
386 1397 529 1472 possent
539 1389 738 1473 subjugare,
756 1392 821 1455 sibi
838 1392 1019 1456 redderent
1033 1392 1085 1455 in·

132 1490 339 1568 continenti,
365 1489 472 1554 salvis
495 1491 709 1572 principibus
732 1493 905 1556 manubiis
927 1493 1086 1557 omnibus

133 1590 169 1653 in
193 1589 323 1654 eisdem
351 1590 526 1670 inventis3
555 1591 648 1673 quod
670 1592 876 1674 quibusdam
898 1612 942 1656 ex
966 1592 1086 1655 nobili-

132 1692 200 1755 bus
227 1689 330 1754 nimis
350 1690 532 1755 videbatur
561 1690 729 1774 iniquum,
757 1700 797 1756 ut
825 1693 879 1756 sui
908 1693 1086 1774 sanguinis

133 1790 302 1855 effusione
326 1799 562 1856 mercarentur
575 1793 792 1856 commodum
808 1793 967 1857 alienum.
1015 1792 1086 1856 Im-

133 1898 276 1973 perator
293 1898 421 1976 autem,
443 1898 483 1955 ut
499 1891 715 1974 satisfaceret
731 1894 934 1975 peregrinis,
951 1893 1086 1977 juravit

134 1991 229 2074 qnod
253 1991 338 2074 ipsis
360 1992 529 2056 auxilium
552 1992 652 2056 fidele
673 1984 886 2075 impenderet
910 2000 946 2056 et
971 1993 1085 2056 consi-

134 2091 234 2169 lium,
261 2093 388 2173 quibus
426 2099 568 2174 possent
597 2092 755 2157 inimicos
788 2093 868 2157 fidei
900 2092 1083 2156 debellare.

135 2191 247 2257 Venit
266 2192 400 2256 interea
417 2191 719 2275 Constantinopoli
745 2193 880 2257 comitis
900 2193 1085 2270 exercitus,

135 2293 199 2375 qni
226 2293 345 2356 statim
372 2293 537 2358 mandato
561 2293 671 2377 ipsius
694 2293 738 2356 ad
764 2313 824 2358 eos
852 2293 912 2376 qui
939 2313 976 2357 se
998 2313 1087 2375 prae·

134 2399 313 2457 cesserant
340 2394 514 2458 transiens
542 2393 678 2459 caeteris
698 2394 893 2476 legionibus
923 2402 976 2458 est
1002 2413 1086 2458 con·

130 2493 289 2576 junctus.

178 2667 230 2732 De
237 2668 486 2753 pereprimhoae
500 2665 627 2732 Roberti
641 2666 730 2732 ducis
743 2669 785 2730 N
781 2689 997 2732 amoenorum
1012 2677 1040 2732 et

492 2789 643 2833 seclorum
656 2789 730 2853 pus.

189 2891 270 2957 Hoc
285 2893 434 2975 denique
450 2899 605 2976 tempore
621 2893 810 2972 Robertus‚
824 2893 895 2957 dux
913 2892 1086 2958 Norman-
1099 2909 1210 2998 l⁰¹¹⁰‘¹⁰l

134 2992 216 3071 niae,
233 3013 335 3057 cruce
362 2994 535 3076 signatus,
550 2995 618 3057 iter
633 2993 989 3076 Hierosolymitanum
1012 3014 1085 3057 om·
1120 2971 1192 3000 mn
1208 2971 1228 3009 γ’

134 3095 232 3158 nium
253 3094 512 3177 peregrinorum
535 3095 743 3159 novissimus
769 3095 950 3176 arripiens,
968 3095 1086 3177 posuit

136 3195 392 3260 Normanniam
405 3196 441 3260 in
456 3189 706 3259 ¹vadimonium
722 3195 822 3258 fratri
839 3214 902 3259 suo
915 3195 989 3276 regi
998 3194 1088 3259 wil-

134 3295 253 3375 lelmo,
277 3296 430 3378 acceptis
456 3297 501 3360 ab
527 3315 568 3360 eo
594 3295 712 3359 decem
737 3295 888 3359 millibus
913 3295 1010 3359 libris
1032 3313 1087 3357 ar-

135 3396 246 3478 genti.
298 3395 321 3460 J
324 3404 501 3460 unxerunt
517 3405 633 3461 autem
648 3416 686 3460 se
711 3395 786 3479 ejus
802 3395 998 3477 agminibus
1014 3394 1086 3458 Ro-

135 3498 256 3561 bertus
278 3515 393 3560 comes
409 3496 645 3574 Flandrensis,
660 3495 869 3559 Eustachius
886 3515 1000 3559 comes
1016 3495 1085 3559 Bo-

136 3597 327 3675 noniensis,
338 3596 534 3680 Stephanus
549 3617 663 3662 comes
680 3596 990 3675 Blesensis,comes
1002 3596 1087 3660 Car-

136 3697 307 3775 notensis,
334 3717 449 3762 comes
480 3696 678 3781 Stephanus
704 3695 986 3774 Albemarlensis,
1013 3697 1087 3760 Ro·

173 3896 181 3928 ¹
199 3899 391 3963 Vadimonium]
406 3897 600 3949 Will.Gemeti-
625 3897 751 3948 thousand
768 3898 854 3957 livres,
869 3898 920 3947 and
939 3899 1087 3962 Normandy

135 3971 237 4030 censis;
253 3969 295 4020 ed.
303 3970 425 4031 Camden,
432 3983 459 4030 p.
467 3972 525 4019 6⁷2.
541 3968 600 4018 ‘He
625 3968 745 4029 annually
766 3968 849 4029 yields
868 3968 1011 4029 fifty-seven
1033 3972 1089 4018 mil·

135 4040 248 4104 pawned
265 4039 308 4088 the
325 4038 411 4101 duchy
421 4037 460 4088 for
474 4054 522 4088 one
537 4039 601 4088 hun·
625 4039 690 4086 lions
707 4043 733 4086 to
750 4037 793 4087 the
810 4038 881 4099 king.
899 4036 1023 4103 (Necker,
1035 4040 1089 4087 Ad·

134 4111 229 4161 dredth
239 4114 298 4172 part
307 4109 337 4158 of
344 4109 386 4158 the
403 4113 504 4170 present
513 4108 601 4171 yearly
625 4108 732 4156 ministr.
740 4108 786 4157 des
797 4109 929 4171 Finances,
940 4111 958 4159 i.
966 4126 992 4172 p.
1003 4114 1052 4160 287
1061 4104 1088 4174 ;)‘

134 4197 255 4233 ravenue.
290 4180 345 4229 Ten
366 4180 492 4230 thousand
515 4179 601 4228 marks
626 4177 737 4241 Gihbon,
749 4180 784 4228 xi.
796 4195 822 4240 p.
834 4182 875 4241 32,
885 4183 947 4229 note.

135 4269 196 4315 may
216 4253 250 4302 be
271 4251 348 4314 equal
369 4255 396 4300 to
416 4251 464 4300 live
485 4249 600 4299 hundred
