2820 4882
359 431 498 479 riorus
521 432 791 482 nrsronrnnun.
984 419 1049 482 115

99 606 157 670 per
183 587 260 652 haec
289 590 415 668 verba3
450 582 477 623 ¹‘
491 589 628 654 Fideles
653 592 705 655 tui
727 591 914 673 principes,
938 591 1181 698 impe-gpt-omp

98 693 192 750 rator
218 689 469 771 potentissime,
499 709 590 766 cum,
622 698 727 773 capta
750 689 950 769 Antiochia,
972 711 1044 756 rem
1057 667 1206 748 morbido

98 807 172 851 esse
189 789 369 853 crederent
387 797 673 868 consummatam,
695 792 779 855 urbe
795 791 869 875 jam
893 799 1044 873 recepta,

97 886 212 952 lactus
241 896 296 952 est
310 909 416 953 ,error
444 891 654 953 novissimus
678 891 776 975 pejor
800 892 925 973 priore.
971 890 1045 955 Vix

97 987 189 1050 enim
212 990 258 1053 ab
276 990 360 1053 urbe
379 997 483 1072 capta
499 990 573 1054 dies
592 990 712 1072 elapsa
727 991 853 1067 suerat,
871 1010 949 1054 cum
965 1009 1046 1056 ecce

98 1086 357 1165 corberannus,
381 1088 567 1153 Persarum
589 1091 748 1172 princeps
773 1092 1046 1173 potentissimus,

97 1207 176 1252 cum
199 1188 419 1270 orientalium
445 1190 555 1272 copiis
578 1190 736 1267 infinitis,
758 1211 904 1274 quarum
929 1190 1046 1254 multi·

97 1287 183 1351 tudo
198 1308 335 1352 omnem
357 1309 537 1353 numerum
553 1291 720 1355 excedere
737 1291 885 1367 videtur,
902 1290 1046 1354 eandem

97 1390 226 1452 urbem.
242 1389 421 1453 obsidione
443 1389 589 1454 vallavit
608 1411 617 1468 ;
651 1398 769 1454 noster
799 1398 914 1455 autem
936 1411 1047 1473 popu-

97 1488 153 1552 lus
169 1487 274 1565 same,
297 1488 436 1570 frigore,
454 1497 555 1565 aestu,
576 1491 729 1554 caedibus
750 1498 786 1554 et
802 1491 901 1555 clade
918 1491 954 1553 in
973 1498 1049 1555 tan·

98 1594 174 1652 tum
202 1590 406 1665 succumbit,
437 1597 477 1653 ut
503 1591 625 1652 necin
651 1591 793 1655 civitate
814 1598 950 1655 tantum
973 1611 1049 1654 esse

99 1688 239 1752 dicatur
265 1689 517 1773 alimentorum,
543 1709 612 1772 quo
633 1692 736 1753 unius
758 1691 826 1755 diei
852 1692 1049 1754 necessitati

99 1789 243 1852 valeant
257 1789 451 1853 subvenire.
481 1788 582 1852 Unde
600 1809 676 1866 nos,
691 1791 750 1872 qni
765 1789 821 1853 hic
838 1809 969 1867 snmuS,
985 1792 1051 1855 viri

101 1888 410 1955 nobilesvideutes
431 1888 576 1952 fratrum
599 1891 739 1971 negotia
761 1892 958 1973 prosperari
980 1911 1050 1953 non

101 2007 293 2070 possc,eos
309 1989 505 2054 monuimus
527 1991 666 2071 saepius,
681 1997 721 2053 ut
737 1991 803 2053 sibi
820 1990 1050 2066 consulerent,

103 2096 137 2152 et
158 2108 234 2152 rem
262 2088 508 2171 impossibilem
530 2088 726 2153 deserentes
754 2090 820 2153 sibi
846 2089 1051 2171 perfugam

103 2188 479 2272 absque-cunctamine
503 2189 737 2270 providerent,
770 2189 829 2252 sed
852 2208 930 2252 cum
953 2208 1012 2252 eos
1031 2208 1053 2250 a

103 2309 166 2354 suo
192 2309 265 2352 non
298 2306 479 2370 possemus
509 2308 673 2352 revocare
705 2289 896 2372 proposito,
923 2296 1051 2352 nostrae

103 2389 310 2455 curavimus·
327 2389 524 2470 prospicere
547 2389 674 2469 saluti3
703 2397 740 2453 et
760 2410 851 2454 nunc
873 2391 904 2453 si
925 2390 1052 2471 placet,

104 2490 133 2553 si
148 2491 200 2555 ita
216 2489 286 2553 tuis
298 2488 502 2552 consiliariis
519 2488 604 2552 utile
616 2490 729 2553 risum
742 2488 857 2565 suerit,
868 2490 1052 2571 procedere

105 2589 247 2666 desiste,
268 2609 312 2672 ne
327 2596 410 2665 tuce,
432 2606 520 2670 quas
543 2596 657 2653 tecum
676 2588 796 2665 trahis,
814 2589 1052 2671 expeditiones

105 2690 247 2772 paribus
263 2689 427 2772 perieulis
449 2689 685 2754 involvantur.
736 2687 853 2752 Testis
867 2697 921 2753 est
935 2708 1052 2752 eornm

106 2809 184 2872 quae
206 2788 381 2871 loquimur
396 2790 451 2854 vir
472 2788 623 2871 prudens
646 2788 805 2865 Taunus,
822 2795 892 2851 tnae
913 2788 1053 2852 celsitu·

106 2889 196 2954 dinis
219 2889 342 2966 fidelis,
356 2904 471 2970 ,quem
493 2890 672 2953 nobiscum
696 2888 868 2965 direxisti,
890 2889 950 2972 qui
972 2907 1054 2953 nos·

105 2997 474 3071 trornmcognoscens
495 2988 678 3066 defectum,
702 2990 746 3051 ab
767 3008 885 3052 eorum
911 3008 949 3051 se
974 2989 1055 3052 sub-

32 3152 34 3158 ,
107 3089 399 3172 ϊτωιίτοοᾙθςίο,
417 3087 557 3171 utsthaec
579 3096 650 3152 tuae
673 3096 757 3152 nota
777 3088 906 3152 faceret
928 3088 1054 3172 majes-

106 3191 195 3256 tati.⁵
248 3189 317 3257 His
334 3189 474 3266 auditis,
488 3191 677 3272 imperator
690 3189 732 3253 de
749 3189 892 3253 consilio
903 3207 1055 3265 suorum,

106 3290 487 3366 retortisnmbouibus,
503 3289 546 3353 ad
562 3281 714 3373 propria,
732 3289 926 3370 legionibus
948 3288 1054 3350 licen·

107 3393 216 3469 fiatis,
237 3409 324 3454 cum,
341 3389 526 3472 lachrymis
549 3391 728 3454 remearit.
782 3388 919 3452 Rumor
939 3394 1054 3450 autem

107 3492 149 3556 de
178 3508 318 3554 recessu
341 3489 561 3573 imperatoris
584 3509 662 3554 cnm
686 3487 916 3552 Antiochenis
941 3488 1057 3550 divul-

108 3599 224 3674 gatus⁴
238 3590 376 3667 fuisset,
399 3596 534 3672 speset
555 3589 679 3654 laetitia
701 3589 811 3653 crevit
832 3589 993 3672 paganis,
1022 3594 1057 3650 et

107 3688 534 3774 desperatiecnriseianis.
548 3689 675 3753 :Erat
690 3689 778 3752 enim
794 3689 831 3751 in
845 3687 974 3771 populo
991 3687 1058 3750 Dei

107 3798 228 3856 tentus
245 3790 486 3859 alinentornnr
499 3789 666 3866 defectus,
680 3795 780 3852 tanta
794 3787 895 3851 famis
904 3787 1056 3862 afflictio,

109 3892 189 3966 talis
204 3898 279 3968 tarn
296 3891 450 3954 exterius
468 3908 571 3973 quam
593 3889 738 3953 interius
764 3887 915 3952 hostium
930 3888 1059 3969 impor-

145 4111 572 4184 ¹Fidelee.]Thespeech,asmade
600 4116 629 4164 os
649 4115 778 4177 Chartres,
799 4129 859 4176 may
880 4115 912 4164 be
935 4114 1013 4164 found
1035 4121 1062 4165 et

110 4188 194 4238 before
213 4187 256 4236 the
279 4190 393 4248 emperor
410 4189 443 4248 by
463 4187 574 4249 Stephon
601 4187 687 4247 length
704 4186 730 4234 in
742 4186 812 4235 Will.
823 4186 883 4247 Tyr.
894 4199 921 4246 p.
934 4189 990 4234 719.
