2820 4882
404 421 544 470 nnonns
567 421 837 472 nrsronmnun.
1035 407 1103 472 393

149 581 331 659 collocata,
353 602 431 646 cum
452 576 631 665 paululum
651 581 892 660 obdormisset,
912 582 1042 648 exsiliit
1064 591 1167 649 etan
1177 599 1234 641 nn.

147 683 303 759 incessit,
323 690 575 766 parentumque
597 682 747 778 suspiria
768 683 806 746 in
828 682 986 747 laetitiam
1008 703 1101 747 com·
1113 649 1262 751 fflniffi

150 783 312 848 mutavit.

149 1027 154 1033 ,
264 953 314 1017 Dc
328 951 479 1018 miraculo
493 951 583 1031 dolii,
597 961 626 1018 at
640 953 808 1040 diliyantic
824 955 990 1041 quarendi.

148 1124 155 1141 ,
204 1077 329 1143 Illuxit
352 1078 486 1143 interea
502 1085 625 1143 sancta
645 1079 846 1144 solemnitas
864 1082 957 1148 beati
973 1081 1101 1147 Albani

151 1179 320 1261 martyrio
346 1185 561 1256 consecrata,
587 1199 704 1263 qnam,
728 1179 765 1243 in
791 1199 829 1244 se
854 1182 997 1260 claram,
1015 1183 1101 1246 isto·

150 1297 228 1341 rum
253 1278 441 1360 publicatio
468 1279 709 1343 miraculorum
736 1280 885 1345 reddidit
910 1282 1099 1347 clariorem.

151 1374 394 1442 Admonentur
427 1378 546 1442 fideles
577 1378 622 1443 ad
656 1379 892 1464 eleemosynas
919 1382 1101 1464 largiores,

151 1478 299 1560 singulis
339 1497 423 1542 usus
466 1477 605 1561 parcior
642 1479 884 1545 alimentorum
924 1482 1100 1562 indicitur,

152 1585 188 1642 et
221 1578 349 1643 iterata
381 1578 418 1641 in
454 1579 643 1642 crastinum
670 1581 846 1662 processio
873 1582 1099 1662 instauratur,

153 1678 213 1741 sed
242 1678 438 1760 interpositi
467 1697 604 1762 quoque
636 1678 710 1742 dies
738 1700 957 1765 nequaquam
986 1684 1100 1748 otioso

154 1777 323 1841 transiere
347 1777 530 1857 discursu3
556 1778 617 1841 sed
640 1781 809 1862 usquein
834 1781 954 1846 horam
977 1781 1099 1846 inven·
1168 1858 1171 1863 ,

151 1878 256 1941 tionis
286 1883 484 1941 sanctorum
519 1878 693 1942 miraculis
726 1880 943 1945 evidentibus
980 1901 1100 1946 corus·

151 1979 265 2042 cabat.
333 1977 470 2060 Nempe
506 1977 561 2041 vir
599 1977 739 2062 quidam
775 1979 818 2044 de
855 1979 1098 2063 Kingesberia,

151 2077 321 2142 fodientes
355 2083 390 2142 et
421 2084 561 2141 sanctos
588 2086 790 2162 ‘quaerentes
816 2079 973 2158 irridens,
998 2089 1099 2145 nocto

148 2197 231 2241 cum
254 2178 332 2242 aliis
354 2177 450 2241 venit
472 2177 516 2240 ad
539 2178 665 2256 locum,
686 2179 761 2261 pari
784 2180 922 2263 quidem
944 2181 1014 2259 via,
1036 2181 1098 2245 sed

153 2278 334 2342 voluntate
376 2277 540 2370 diuersa3
585 2278 646 2362 qui
676 2279 858 2344 confestim
887 2287 1046 2364 arreptus
1076 2300 1098 2346 a

151 2377 323 2442 daemonio
351 2376 520 2442 furiosum
549 2378 725 2442 evidenter
751 2381 936 2463 expressit,
961 2388 997 2445 et
1020 2399 1099 2445 ves·

154 2475 435 2560 tesdirumpens
465 2477 605 2562 abjecit,
640 2485 687 2557 et,
718 2480 778 2563 qui
815 2480 903 2545 alios
940 2481 1099 2546 deridens

153 2583 311 2661 spectare
323 2585 466 2642 venerat
480 2577 660 2656 fodientes,
681 2581 917 2661 spectaculum
941 2583 1100 2646 omnibus

154 2683 208 2742 est
233 2676 374 2742 effectus
390 2697 399 2758 3
423 2697 581 2760 eumque,
596 2680 731 2743 cunctis
748 2680 956 2760 videntibus,
970 2682 1100 2747 diutius

152 2785 384 2862 torqueretur,
406 2778 623 2862 corripientis
646 2779 714 2842 Dei
734 2799 858 2845 manus
880 2783 1042 2861 cessavit,
1065 2790 1101 2846 et

153 2878 290 2942 demum
309 2875 502 2959 castigatus
525 2878 707 2943 incolumis
729 2880 773 2943 ad
795 2883 936 2964 propria
957 2882 1101 2966 repeda-

152 2979 217 3043 vit.
267 2977 370 3042 Alius
386 2984 501 3041 autem
519 2986 660 3043 sanctos
678 2988 871 3062 quaerentes
889 2982 1003 3046 verbis
1019 2984 1100 3047 snb·

150 3079 364 3143 sannatoriis
379 3078 528 3142 illudens
545 3078 664 3142 statim
678 3078 805 3143 divinae
830 3080 1004 3164 subjacuit
1018 3083 1100 3147 ulti·

155 3181 224 3258 oni,
256 3198 337 3243 nam
363 3178 454 3242 inter
481 3178 689 3262 loquendum
712 3180 812 3260 gravi
837 3188 1017 3264 correptus
1046 3183 1100 3245 in·

155 3279 334 3345 commodo
356 3278 393 3342 in
424 3279 520 3343 brevi
548 3279 784 3361 blasphemum
810 3279 970 3363 spiritum
992 3281 1100 3346 exha-

152 3380 252 3445 lavit.
304 3378 457 3460 Algarus
480 3378 522 3442 de
548 3379 792 3462 Dunestaplia‚
816 3400 894 3444 cum
920 3381 964 3446 ad
987 3382 1102 3446 locum

154 3479 300 3544 eundem
339 3479 469 3543 dolium
509 3479 598 3542 celia
635 3479 773 3561 plenum
811 3480 855 3543 ad
885 3481 1102 3546 vendendum

153 3580 260 3644 rheda
276 3579 407 3663 portari
429 3578 579 3657 fecisset,
601 3580 747 3644 accessit
766 3578 903 3644 adeum
918 3602 1012 3664 aeger
1027 3583 1103 3667 qui·

154 3681 234 3744 dam
261 3688 296 3745 et
320 3699 466 3763 pauper,
492 3698 620 3760 rogans
644 3680 846 3762 simpliciter
873 3683 917 3746 ob
940 3683 1102 3766 martyris

154 3799 319 3859 amorem,
347 3779 448 3864 cnjus
478 3778 711 3844 inventionem
740 3781 890 3864 populns
922 3790 1103 3865 exspecta·

152 3882 229 3960 bat,
251 3889 291 3946 ut
315 3880 420 3959 sitim,
437 3899 507 3964 qua
529 3882 760 3962 premebatur,
781 3888 866 3963 potu
888 3882 1024 3947 modico
1049 3903 1102 3947 re·

155 3980 311 4061 levaret;
337 3980 515 4045 incanduit
537 3979 691 4062 Algarns
711 3980 755 4044 ad
777 3981 883 4045 verba
903 3983 1026 4064 aegroti
1049 3983 1102 4046 ira

155 4082 362 4159 vehementi,
387 4100 544 4146 asserens
567 4100 605 4144 se
624 4081 707 4145 illuc
724 4101 794 4144 non
814 4100 920 4145 causa
940 4084 1102 4168 martyris

155 4183 349 4260 advenisse,
370 4182 430 4246 sed
457 4188 497 4245 ut
521 4181 653 4245 lucrum
679 4200 896 4266 quocumque
918 4183 1020 4248 modo
1041 4204 1103 4248 au-
