2820 4882
305 402 371 466 198
560 417 694 465 nocem
718 419 765 464 nn
788 417 996 464 wannovnn

145 593 268 634 nnum-
308 574 438 656 aliquid
467 575 513 637 sit
539 587 708 656 personae,
727 573 762 636 id
784 580 848 649 est,
876 572 995 650 Pater,
1020 579 1056 636 et
1080 571 1203 648 Filius,
1221 580 1257 636 et

308 675 459 756 Spiritus
490 674 661 754 Sanctus3
693 674 780 755 ipsae
805 692 887 736 vero
910 680 981 736 tres
1005 690 1164 755 personae
1189 671 1258 735 tria

309 780 394 838 sunt
416 773 609 837 differentia
635 781 670 837 et
697 791 852 849 numero,
881 791 922 836 ac
949 772 979 836 si
1004 779 1075 836 tres
1100 772 1257 834 homines

309 874 560 938 humanitatem
574 892 678 936 unam
694 891 837 936 numero
855 871 981 937 habere
997 872 1255 936 invenirentur:

310 972 525 1053 Concilium3
547 972 662 1037 ‘Cum
690 973 733 1036 de
759 973 871 1036 tribus
892 972 1050 1054 personis
1071 972 1257 1054 loquimur,

310 1073 429 1151 Patre,
441 1073 543 1151 Filio,
555 1080 590 1137 et
603 1071 735 1155 Spiritu
745 1071 886 1149 Sancto,
900 1073 994 1154 ipsas
1012 1091 1119 1135 unum
1129 1072 1256 1148 Deum,

308 1193 414 1237 unam
423 1173 575 1238 divinam
588 1172 817 1236 substantiam
827 1191 903 1235 esse
912 1171 1071 1249 fatemur,
1088 1177 1124 1234 et
1140 1191 1160 1235 e
1176 1190 1259 1234 con-

308 1292 430 1352 verso;
457 1293 535 1358 cum
560 1273 651 1336 enim
674 1272 717 1335 de
740 1291 809 1335 uno
832 1272 920 1348 Deo,
945 1291 1015 1335 una
1036 1271 1155 1335 divina
1177 1272 1259 1334 sub-

310 1373 440 1437 stantia
452 1373 637 1454 loquimur,
648 1372 762 1453 ipsum
777 1390 885 1434 unum
902 1372 1016 1435 Deum
1034 1378 1069 1434 et
1085 1390 1191 1434 unam
1205 1371 1258 1433 di·

309 1472 425 1535 vinam
438 1472 668 1535 substantiam
679 1490 755 1536 esse
766 1478 837 1534 tres
850 1489 1016 1553 personas
1032 1470 1259 1554 profitemur.’

309 1571 429 1635 Tertio
438 1571 529 1635 dixit
538 1570 728 1648 Gilbertus,
744 1572 837 1653 quod
851 1572 1081 1654 proprietates
1093 1590 1258 1654 persona·

309 1691 400 1748 rum,
423 1671 608 1735 relationes
633 1671 792 1753 quaedam
818 1679 957 1735 aeternae
983 1672 1065 1749 sint,
1087 1691 1166 1753 quae
1189 1690 1259 1734 non

310 1776 392 1833 sunt
413 1771 505 1852 quod
526 1771 613 1853 ipsae
635 1790 805 1853 personae,
827 1772 888 1835 sed
908 1771 1030 1835 divisae
1048 1790 1204 1849 numero,
1221 1778 1257 1835 et

310 1870 422 1934 divisa
438 1871 646 1948 substantia,
666 1879 701 1935 et
718 1870 871 1937 habeant
887 1879 959 1935 tres
975 1871 1144 1950 unitates3
1160 1879 1196 1935 et
1207 1871 1260 1935 sic

310 1971 420 2034 multa
448 1978 579 2034 aeterna
607 1978 701 2048 sunt,
735 1989 882 2052 quorum
913 1970 1045 2035 nullum
1069 1972 1116 2035 sit
1141 1972 1255 2035 Deus:

311 2068 523 2150 Concilium3
547 2068 746 2134 ‘Credimus
768 2070 881 2133 solum
902 2071 1016 2135 Deum
1043 2070 1198 2148 Patrem,
1222 2078 1258 2135 et

312 2168 450 2248 Filium,
473 2179 508 2234 et
524 2170 690 2252 Spiritum
704 2170 870 2234 Sanctum
885 2176 1053 2234 aeternum
1070 2190 1166 2251 esse3
1195 2190 1259 2236 nee

310 2269 444 2351 aliquas
476 2271 615 2334 omnino
641 2288 709 2347 res,
739 2269 813 2333 sive
843 2269 1042 2348 relationes,
1072 2271 1147 2335 sive
1175 2290 1257 2353 pro·

308 2369 486 2450 prietates,
503 2369 559 2433 vel
576 2370 729 2433 unitates
753 2369 924 2447 dicantur,
939 2369 1060 2433 adesse
1073 2371 1161 2448 Deo,
1179 2389 1258 2453 quae

309 2475 391 2532 sunt
420 2469 464 2532 ab
492 2476 633 2546 aeterno,
657 2488 735 2550 quae
759 2488 830 2532 non
852 2469 923 2533 sint
949 2470 1070 2534 Deus.'
1121 2470 1258 2549 Quarto

309 2566 410 2644 dixit,
422 2568 512 2649 quod
527 2568 646 2632 divina
660 2576 786 2633 natura
797 2588 865 2633 non
883 2570 929 2634 sit
944 2570 1140 2635 incarnata:
1166 2569 1258 2634 Con-

310 2666 445 2747 cilium;
478 2666 680 2732 ‘Credimus
706 2669 818 2751 ipsam
841 2668 1058 2735 divinitatem
1081 2671 1154 2734 sive
1178 2671 1259 2734 sub·

311 2767 475 2830 stantiam
498 2767 662 2846 divinam,
685 2769 758 2834 sive
787 2776 947 2833 naturam
974 2770 1127 2835 divinam
1151 2771 1259 2848 dieas,

310 2865 527 2932 incarnatam
544 2887 631 2945 esse,
649 2869 708 2931 sed
724 2869 761 2931 in
777 2867 889 2932 Filio!

387 3065 437 3128 Dc
445 3065 560 3152 praelio
573 3067 737 3150 cooperiri
752 3067 834 3132 iuter
848 3088 928 3152 repas
940 3069 1139 3134 Francorum
1153 3079 1182 3135 at

695 3166 879 3252 Ampiorum.

146 3303 249 3343 aaaron
362 3287 491 3351 Eodem
516 3308 607 3352 anno
637 3297 753 3354 actum
779 3298 833 3355 est
861 3285 1071 3374 ¹campestre
1101 3296 1258 3377 praelium

147 3353 261 3393 ¹³¹⁰”'¹¹¹⁶‘
308 3383 399 3450 inter
425 3387 659 3466 Lodowicum,
679 3409 795 3472 regem
821 3390 1046 3470 Francorum,
1072 3401 1108 3458 et
1126 3394 1257 3460 Henri-

309 3505 399 3564 eum,
427 3507 543 3569 regem
565 3487 773 3570 Anglorum,
797 3490 833 3553 in
859 3490 950 3555 hune
974 3493 1124 3558 modum.
1178 3495 1259 3560 Rex

309 3593 425 3648 autem
443 3587 667 3665 Francorum,
684 3590 819 3654 duabus
834 3590 973 3654 aciebus
996 3593 1174 3673 ordinatis,
1198 3616 1261 3679 po·

308 3685 378 3749 suit
402 3686 438 3748 in
462 3688 574 3769 prima
597 3689 671 3750 acie
694 3689 920 3768 Willelmum,
938 3692 1046 3755 filium
1068 3693 1166 3757 ducis
1186 3695 1260 3760 Ro·

345 3891 502 3958 'Campestro
512 3892 646 3965 prolium]
664 3898 718 3947 'l'he
729 3913 771 3947 ae·
796 3903 853 3950 380.
889 3901 1029 3952 Ordericns
1046 3904 1140 3954 vitalis
1157 3912 1264 3972 asserta,

309 3968 384 4012 count
398 3965 528 4028 following
542 3967 571 4016 oi
588 3968 631 4016 the
650 3968 729 4017 battle
745 3969 775 4017 ol
796 3970 851 4019 that
858 3970 928 4021 there
936 3988 1003 4022 were
1009 3975 1067 4036 only
1074 3974 1145 4026 three
1156 3977 1261 4041 knights

309 4033 447 4096 Brenville,
460 4050 522 4085 near
534 4037 649 4100 Noyons,
660 4039 683 4087 is
692 4039 771 4088 taken
797 4041 878 4090 killed
889 4043 915 4090 in
926 4044 968 4093 the
979 4047 1072 4096 aetion.

307 4102 370 4151 from
391 4105 481 4166 Henry
500 4106 529 4155 of
548 4107 726 4172 Huntingdon‚
743 4126 770 4171 p.
