2820 4882
378 399 518 447 rnoans
541 399 810 447 uisronrnauu.
999 385 1064 449 317

116 575 242 636 genere
261 575 323 637 per
342 557 547 621 sententiam
569 558 751 638 ligaverat,
776 558 978 622 nominatim
998 561 1063 623 ite·
1077 572 1132 610 AD
1143 573 1200 610 ¹¹⁶⁶

115 660 192 717 rato
223 655 450 735 specificaret,
482 675 544 738 per
577 656 640 719 has
671 664 853 769 sequentes
880 657 1038 721 literas
1029 678 1090 720 ruo
1077 622 1199 760 orssffffi

115 771 236 815 vocem
265 754 507 836 appellationis
535 764 657 820 contra
683 756 775 838 juris
803 757 956 821 ordinem
984 777 1064 839 pro-
1177 731 1205 759 ’

20 880 25 888 ·
116 858 296 932 ruperunt.

148 944 406 1030 ‘Venerabili¹
422 953 515 1033 patri
529 958 565 1016 et
579 952 718 1016 domino
736 953 901 1030 Thomae,
911 952 1064 1017 Cantua·
1078 981 1151 1070 τιιῆοὒ
1133 981 1175 1020 a
1166 992 1202 1029 gy

116 1048 222 1111 riensi
247 1049 518 1133 archiepiscopo,
545 1051 754 1133 suffraganei
778 1052 932 1135 ejusdem
958 1032 1151 1115 eccle-¹⁴³Bec

115 1147 178 1210 siae
193 1148 359 1230 episcopi,
381 1156 417 1212 et
438 1169 595 1231 personae
614 1170 677 1232 per
701 1151 888 1214 eorundem
910 1151 1065 1215 dioceses

116 1248 330 1324 constitutae,
341 1247 492 1312 debitam
507 1247 754 1331 subjectionem
772 1257 808 1313 et
823 1249 1064 1315 obedientiam.

117 1344 295 1423 Quoniam
311 1347 537 1428 quorundam
563 1347 731 1412 relatione
753 1348 945 1426 didicimus,
971 1350 1064 1431 quod

116 1444 161 1507 ad
181 1445 380 1508 memoriam
398 1447 503 1509 anxio
522 1465 737 1523 revocamus
752 1466 815 1512 vos
835 1448 872 1510 in
888 1448 1064 1519 dominum

117 1562 235 1624 regem
249 1544 532 1609 comminationes
548 1545 715 1621 emisisse,
733 1566 802 1628 quo
820 1546 1064 1615 salutationem

116 1642 290 1720 omittitis,
305 1662 375 1725 quo
392 1662 461 1707 non
477 1644 521 1706 ad
539 1645 718 1708 obtentum
741 1645 864 1725 gratiae
884 1647 1064 1713 consilium

115 1760 281 1823 precesve
303 1743 492 1824 porrigitis,
508 1762 577 1825 quo
602 1763 671 1806 non
691 1743 839 1807 amicum
856 1744 939 1826 quid
958 1747 1065 1809 senti·

114 1841 160 1902 tis
180 1848 243 1905 aut
260 1841 422 1918 scribitis,
439 1841 500 1904 sed
516 1840 697 1906 intentatis
713 1843 1063 1920 minisinterdictum,

115 1948 178 2004 aut
201 1940 414 2022 praecisionis
440 1941 591 2021 elogium
618 1941 654 2004 in
678 1961 755 2005 enm
778 1942 854 2024 jam
882 1942 1062 2005 dicendum

113 2037 189 2102 sore
211 2040 406 2121 proponitis
426 2039 762 2120 multarseveritate3
791 2041 884 2121 quod
906 2042 936 2104 si
959 2058 1061 2122 quarn

116 2138 203 2201 dure
224 2138 354 2202 dictum
377 2145 443 2215 est,
469 2145 541 2202 tam
564 2139 668 2204 inerit
694 2158 813 2203 severe
833 2139 1060 2221 completum

115 2256 196 2319 quae
214 2239 353 2301 turbata
374 2243 469 2314 sunt,
491 2256 561 2300 non
577 2237 653 2321 jam
675 2256 853 2321 speramus
875 2237 920 2301 ad
943 2256 1061 2319 pacem

115 2335 238 2416 redigi,
263 2336 325 2399 sed
353 2335 389 2398 in
420 2355 571 2418 perenne
601 2337 772 2419 quoddam
807 2335 924 2406 odium
956 2338 1061 2418 perti·

114 2435 298 2498 mescimus
320 2434 539 2499 inflammari.
592 2435 724 2499 Insedit
752 2435 822 2498 alte
846 2435 1062 2517 quorundam

114 2533 299 2610 mentibus,
321 2533 412 2615 quod
434 2533 594 2597 dominus
609 2553 672 2596 rex
688 2534 786 2599 vobis
804 2541 875 2598 tam
892 2523 1061 2615 benignus

114 2632 302 2709 exstiterit,
311 2639 452 2713 tamque
460 2639 537 2696 tota
546 2639 661 2696 mente
671 2633 873 2714 susceperit,
885 2640 920 2696 et
935 2641 1061 2698 cuncta

113 2731 280 2812 potestati
305 2737 432 2794 vestre
458 2731 546 2794 adeo
573 2730 769 2813 subjecerit,
797 2739 836 2795 ut
858 2732 922 2795 hos
949 2733 1059 2796 solum

113 2830 236 2892 beatos
258 2836 437 2911 reputaret
461 2829 589 2912 opinio,
614 2829 728 2912 quiin
751 2830 876 2895 vestris
899 2838 1061 2912 poterant

114 2928 224 2992 oculis
245 2929 484 3010 complacere;
516 2935 564 3005 et,
587 2948 630 2992 ne
651 2929 797 3010 gloriam
812 2937 962 2994 vestram
986 2950 1059 2994 mo·

112 3027 231 3090 bilitas
263 3027 436 3090 mundana
456 3033 585 3110 :posset
614 3035 810 3104 concutere,
840 3046 904 3090 vos
935 3028 972 3089 in
997 3029 1059 3105 eis,

113 3144 192 3209 quae
216 3125 285 3189 Dei
306 3132 399 3203 sunt,
415 3125 527 3190 voluit
548 3126 769 3190 immobiliter
790 3126 957 3202 radicare,
980 3145 1058 3207 spe-

112 3244 194 3288 rans
222 3243 260 3287 se
282 3225 325 3288 de
346 3232 474 3288 caetero
501 3243 646 3305 regnare
674 3225 821 3288 feliciter
849 3232 885 3288 et
909 3224 952 3287 de
976 3244 1058 3287 con-

111 3325 190 3388 silio
206 3330 322 3387 vestro
337 3343 472 3387 summa
489 3324 674 3388 securitate
691 3324 851 3405 gaudere.
905 3323 961 3387 Ne
976 3342 1058 3387 vero

101 3425 148 3494 ¹iu
164 3424 340 3487 dominum
356 3442 473 3504 regem
495 3429 531 3485 et
552 3442 697 3505 regnum
720 3422 807 3506 ejus,
830 3442 873 3486 ne
890 3424 926 3485 in
944 3441 1007 3486 nos
1023 3430 1059 3489 et

110 3523 314 3586 commissas
336 3522 435 3586 nobis
457 3522 621 3585 ecclesias
651 3529 686 3586 et
710 3522 890 3603 parochias
919 3541 1058 3589 manum

110 3629 264 3686 vestram
290 3639 483 3703 aggravare
514 3622 668 3699 tentetis,
694 3621 880 3684 remedium
903 3622 1058 3703 appella-

109 3721 216 3785 tionis
242 3721 340 3784 vobis
373 3720 590 3802 opponimus,
622 3728 658 3784 et
687 3721 747 3803 qui
779 3726 901 3783 contra
929 3727 1058 3786 metum

109 3819 350 3902 gravaminum
371 3819 408 3882 in
430 3819 519 3883 facie
541 3819 696 3883 ecclesiae
714 3819 979 3901 appellavimus,
995 3819 1060 3881 ite-

143 4058 330 4130 wormius]
359 4063 421 4112 'l'his
443 4063 489 4112 has
508 4063 572 4111 been
598 4061 1058 4122 wnienmaybefoundinDiceto,col.

107 4133 184 4182 much
194 4133 319 4195 abridged
328 4133 392 4189 from
403 4133 446 4181 the
457 4133 573 4194 original,
599 4131 709 4194 541‚and
716 4132 918 4194 Epp.Thomae,i.
927 4132 1059 4193 repenti.
