2820 4882
329 400 396 466 390
585 417 721 465 nocnrtr
744 416 793 464 nu
814 414 1023 465 wnunovnn
1081 424 1087 435 ·

170 597 226 639 no.
237 595 293 635 nn.
332 584 368 641 et
383 593 528 659 sequere
549 595 617 653 me,
638 581 674 640 et
693 575 875 639 ostendam
890 573 953 638 tibi
970 573 1191 657 sepulchrum
1205 590 1284 653 pre-

170 645 319 747 bilbili.
333 675 432 740 tiosis
461 675 537 759 ejus
566 675 721 759 reliquiis
747 672 975 757 insignitum?
1025 673 1180 754 Surgens
1202 691 1287 752 ergo

334 775 523 852 Robertus,
546 783 586 839 ut
605 775 669 839 sibi
687 775 882 852 videbatur,
901 781 1042 838 secntns
1061 780 1115 836 est
1137 792 1228 848 eum,
1250 777 1288 835 et

334 893 456 940 versus
482 874 678 959 aquilonem
706 874 742 936 in
772 881 885 939 strata
916 874 1056 956 publica
1088 872 1287 954 gradientes

215 992 218 998 ’
334 982 563 1058 perrexerunt
593 975 735 1057 pariter,
757 974 866 1038 donoc
893 973 937 1037 ad
965 973 1144 1057 planitiem
1175 990 1291 1054 quan·

335 1075 414 1138 dam
441 1075 485 1138 ab
513 1073 657 1158 antiqno
688 1073 869 1152 incultam,
898 1093 977 1157 qnae
1003 1073 1073 1138 sita
1101 1080 1155 1137 est
1178 1072 1288 1155 juxta

336 1175 429 1239 viam
451 1174 595 1255 regiam,
615 1182 862 1257 pervenerunt3
885 1174 1034 1238 habebat
1055 1181 1172 1237 autem
1187 1171 1287 1237 locus

336 1274 396 1339 ille
416 1281 553 1356 gratam
579 1273 770 1357 planitiem,
795 1281 867 1339 tam
892 1272 1030 1357 pascuis
1053 1291 1157 1354 qnam
1183 1271 1287 1335 fessis

336 1373 373 1437 in
390 1373 449 1438 via
468 1372 663 1438 hominibus
686 1373 731 1437 ad
753 1373 970 1457 pausandum
988 1381 1119 1457 aptam,
1136 1373 1172 1436 in
1188 1371 1288 1447 villa,

337 1493 415 1555 qnae
442 1473 644 1537 Redburnia
665 1481 898 1557 nuncupatur,
916 1474 1028 1539 tribus
1050 1472 1155 1537 ferme
1182 1471 1290 1534 milli·

338 1571 455 1637 aribus
483 1592 505 1636 a
532 1578 655 1637 sancto
682 1573 815 1638 distans
839 1570 990 1637 Albano.
1042 1572 1086 1636 In
1111 1571 1177 1636 hac
1202 1589 1289 1634 sane

336 1671 482 1756 planitie
495 1667 564 1737 duo
581 1672 731 1737 colliculi
745 1673 954 1751 eminebant,
971 1673 1032 1757 qui
1047 1672 1184 1738 ‘Colles
1200 1691 1288 1736 vex·

336 1772 485 1836 illorum'
501 1773 716 1850 dicebantur,
732 1774 880 1857 eoquod
898 1773 990 1838 circa
1005 1773 1085 1837 illos
1101 1771 1289 1856 populares

338 1873 468 1936 fiebant
483 1892 671 1937 concursus
686 1873 825 1957 quando
841 1874 991 1956 populns
1007 1873 1119 1937 fidelis
1133 1893 1179 1937 ex
1196 1872 1290 1936 anti·

338 1992 409 2055 qua
429 1973 614 2037 traditione
633 1972 821 2037 solemnem
837 1973 1092 2056 processionem
1106 1972 1288 2037 annuatim

338 2073 493 2137 eeclesiae
517 2073 629 2138 sancti
655 2070 784 2137 Albani
812 2073 929 2138 debita
956 2093 1034 2138 cum
1063 2073 1289 2137 veneratione

338 2173 517 2256 persolvit.
565 2172 664 2237 Tunc
688 2169 831 2238 sanctus
855 2171 1014 2238 Albanus
1037 2174 1138 2238 avia
1163 2173 1290 2257 paulu·

340 2273 413 2337 lum
432 2272 631 2350 declinavit,
657 2281 704 2351 et,
727 2274 944 2357 apprehensa
965 2293 1070 2338 manu
1083 2274 1162 2351 viri,
1183 2273 1289 2337 duxit

340 2392 419 2436 eum
439 2373 484 2437 ad
507 2393 614 2438 unum
636 2374 679 2437 de
699 2374 879 2452 colliculis,
901 2375 961 2457 qui
982 2374 1203 2456 sepulchrum
1228 2374 1288 2438 be·

339 2473 390 2536 ati
416 2476 579 2559 martyris
608 2474 819 2538 continebat.
870 2474 1017 2552 Deinde,
1044 2493 1213 2539 converso
1243 2473 1289 2536 ad

340 2592 419 2635 eum
445 2573 559 2651 vultu,
584 2567 705 2651 ‘Hic,’
732 2575 858 2657 inquit,
881 2573 1004 2639 ‘loeus
1032 2574 1193 2656 magistri
1221 2574 1290 2637 mei

339 2671 504 2754 reliquias
526 2681 632 2752 tenet,
658 2674 715 2739 bic
744 2674 821 2758 ejus
851 2692 931 2739 ossa
961 2675 1116 2756 contegit
1142 2682 1179 2739 et
1205 2693 1291 2738 con-

341 2779 459 2836 servat
470 2771 490 2851 ;’
523 2782 559 2839 et
587 2774 637 2838 sic
663 2773 757 2839 satus
781 2773 906 2858 pollice
931 2775 997 2839 viri
1024 2783 1152 2840 terram
1178 2774 1291 2838 instar

341 2871 452 2936 crucis
478 2866 644 2956 ¹aperuit,
669 2882 717 2952 et,
743 2894 866 2939 eversa
888 2875 1029 2957 cespitis
1049 2874 1186 2940 modica
1208 2895 1291 2958 por·

342 2972 448 3050 tione,
463 2974 636 3057 quoddam
652 2975 815 3039 scrinium
829 2975 1009 3053 reseravit,
1025 2994 1072 3039 ex
1088 2996 1158 3058 quo
1171 2976 1290 3059 splen·

341 3073 405 3136 dor
435 3075 561 3138 nimius
592 3075 713 3138 exiens
746 3076 864 3139 orbem
891 3074 1070 3140 occiduum
1100 3076 1292 3141 illustravit

342 3180 378 3237 et
398 3173 509 3255 primo
534 3173 621 3238 lucis
642 3193 716 3238 suae
739 3174 855 3239 radios
872 3174 909 3239 in
929 3175 1048 3239 mnndi
1069 3174 1291 3241 latitudinem

343 3273 481 3354 copiose
509 3273 664 3356 diffudit3
702 3295 771 3357 quo
797 3275 904 3353 facto,
934 3276 1086 3358 capsula
1100 3277 1291 3342 recluditur

340 3380 379 3436 et
406 3373 473 3438 loci
500 3375 662 3457 planities
689 3375 726 3439 in
751 3381 881 3440 statum
909 3376 1091 3458 pristinum
1125 3377 1293 3441 reforma-

342 3480 411 3536 tur.
456 3473 583 3557 Stupet
604 3475 658 3539 vir
682 3475 753 3553 ille,
779 3483 827 3551 et,
853 3475 935 3559 quid
957 3476 1025 3539 sibi
1050 3495 1155 3559 super
1179 3478 1224 3542 iis
1246 3477 1293 3544 sit

343 3572 528 3654 agendum,
555 3594 576 3637 a
600 3583 722 3640 sancto
745 3576 902 3659 postulat
926 3574 1080 3657 edoceri;
1114 3577 1159 3640 ad
1188 3598 1291 3662 quom

342 3674 466 3737 beatus
479 3671 652 3752 Albanus,
665 3674 795 3758 ‘Signa
808 3676 922 3740 locnm
934 3675 1131 3759 diligenter,
1140 3685 1191 3753 nt,
1210 3698 1290 3761 quae

241 3774 245 3780 ’
342 3792 420 3838 meo
442 3774 505 3838 tibi
526 3783 608 3839 sunt
630 3775 785 3840 revelata
803 3776 1005 3854 ministerio,
1022 3776 1153 3842 firmius
1175 3779 1294 3843 adbae-

342 3881 443 3937 reant
458 3875 566 3939 menti
581 3882 671 3955 tuae3
695 3876 810 3941 veniet
823 3877 916 3939 enim
933 3897 953 3940 e
967 3878 1126 3959 proximo
1142 3884 1293 3962 tompus,

343 3974 482 4055 quando
500 3974 575 4039 baec
598 3976 781 4040 instructio
795 3984 857 4040 tua
870 3976 1030 4059 specialis
1044 3979 1198 4059 generali
1212 4000 1293 4062 pro·

342 4071 448 4138 fectui
464 4074 655 4155 militabit3'
677 4076 781 4140 ethis
797 4075 910 4153 dictis,
920 4076 1072 4158 ‘Surge’
1082 4079 1293 4161 inquit,‘ea·

607 4234 752 4302 ¹dperuit.]
770 4233 926 4300 ‘Apparuit’
938 4237 965 4287 in
976 4238 1034 4290 MS.
