<?xml version="1.0" encoding="UTF-8"?>
<!DOCTYPE html PUBLIC "-//W3C//DTD XHTML 1.0 Transitional//EN"
    "http://www.w3.org/TR/xhtml1/DTD/xhtml1-transitional.dtd">
<html xmlns="http://www.w3.org/1999/xhtml" xml:lang="en" lang="en">
 <head>
  <title>
</title>
<meta http-equiv="Content-Type" content="text/html;charset=utf-8" />
  <meta name='ocr-system' content='tesseract 3.04.00' />
  <meta name='ocr-capabilities' content='ocr_page ocr_carea ocr_par ocr_line ocrx_word'/>
</head>
<body>
  <div class='ocr_page' id='page_1' title='image "./rogeridewendove01rogegoog_0416.png"; bbox 0 0 2820 4882; ppageno 0'>
   <div class='ocr_carea' id='block_1_1' title="bbox 410 399 1099 464">
    <p class='ocr_par' dir='ltr' id='par_1_1' title="bbox 410 399 1099 464">
     <span class='ocr_line' id='line_1_1' title="bbox 410 399 1099 464; baseline -0.003 -2"><span class='ocrx_word' id='word_1_1' title='bbox 410 415 547 463; x_wconf 78' lang='lat' dir='ltr'>ruerus</span> <span class='ocrx_word' id='word_1_2' title='bbox 570 414 840 464; x_wconf 79' lang='lat' dir='ltr'>ursroumauu.</span> <span class='ocrx_word' id='word_1_3' title='bbox 1034 399 1099 460; x_wconf 88' lang='grc'>405</span> 
     </span>
    </p>
   </div>
   <div class='ocr_carea' id='block_1_2' title="bbox 142 572 1234 2333">
    <p class='ocr_par' dir='ltr' id='par_1_2' title="bbox 142 572 1234 2333">
     <span class='ocr_line' id='line_1_2' title="bbox 145 572 1234 650; baseline 0 -15"><span class='ocrx_word' id='word_1_4' title='bbox 145 575 242 636; x_wconf 80' lang='lat' dir='ltr'>casio</span> <span class='ocrx_word' id='word_1_5' title='bbox 264 572 457 650; x_wconf 86' lang='lat' dir='ltr'>discordiae,</span> <span class='ocrx_word' id='word_1_6' title='bbox 479 572 711 637; x_wconf 74' lang='lat' dir='ltr'><strong>concessimus</strong></span> <span class='ocrx_word' id='word_1_7' title='bbox 736 573 781 636; x_wconf 90' lang='lat' dir='ltr'>ad</span> <span class='ocrx_word' id='word_1_8' title='bbox 807 573 966 650; x_wconf 86' lang='lat' dir='ltr'>invicem,</span> <span class='ocrx_word' id='word_1_9' title='bbox 990 580 1028 635; x_wconf 90' lang='lat' dir='ltr'>ut</span> <span class='ocrx_word' id='word_1_10' title='bbox 1056 572 1098 636; x_wconf 95' lang='lat' dir='ltr'>de</span> <span class='ocrx_word' id='word_1_11' title='bbox 1111 588 1234 628; x_wconf 66' lang='lat' dir='ltr'>noua</span> 
     </span>
     <span class='ocr_line' id='line_1_3' title="bbox 146 671 1098 755; baseline -0.002 -19"><span class='ocrx_word' id='word_1_12' title='bbox 146 673 249 736; x_wconf 90' lang='lat' dir='ltr'>terris</span> <span class='ocrx_word' id='word_1_13' title='bbox 280 673 409 737; x_wconf 89' lang='lat' dir='ltr'>nostris</span> <span class='ocrx_word' id='word_1_14' title='bbox 435 681 470 736; x_wconf 91' lang='lat' dir='ltr'>et</span> <span class='ocrx_word' id='word_1_15' title='bbox 495 673 783 755; x_wconf 81' lang='lat' dir='ltr'>possessionibus,</span> <span class='ocrx_word' id='word_1_16' title='bbox 808 679 843 735; x_wconf 89' lang='lat' dir='ltr'>et</span> <span class='ocrx_word' id='word_1_17' title='bbox 873 673 915 736; x_wconf 88' lang='lat' dir='ltr'>da</span> <span class='ocrx_word' id='word_1_18' title='bbox 940 671 1098 736; x_wconf 92' lang='lat' dir='ltr'>omnibus</span> 
     </span>
     <span class='ocr_line' id='line_1_4' title="bbox 146 771 1098 855; baseline 0.001 -20"><span class='ocrx_word' id='word_1_19' title='bbox 146 771 226 836; x_wconf 90' lang='lat' dir='ltr'>aliis</span> <span class='ocrx_word' id='word_1_20' title='bbox 252 774 366 846; x_wconf 89' lang='lat' dir='ltr'>rebus,</span> <span class='ocrx_word' id='word_1_21' title='bbox 390 791 478 855; x_wconf 91' lang='lat' dir='ltr'>quas</span> <span class='ocrx_word' id='word_1_22' title='bbox 498 772 663 836; x_wconf 86' lang='lat' dir='ltr'>babemus</span> <span class='ocrx_word' id='word_1_23' title='bbox 688 772 803 849; x_wconf 95' lang='lat' dir='ltr'>modo,</span> <span class='ocrx_word' id='word_1_24' title='bbox 821 773 910 836; x_wconf 90' lang='lat' dir='ltr'>alter</span> <span class='ocrx_word' id='word_1_25' title='bbox 932 772 1098 836; x_wconf 87' lang='lat' dir='ltr'>adversus</span> 
     </span>
     <span class='ocr_line' id='line_1_5' title="bbox 148 870 1098 955; baseline 0.001 -21"><span class='ocrx_word' id='word_1_26' title='bbox 148 871 296 935; x_wconf 89' lang='lat' dir='ltr'>alterum</span> <span class='ocrx_word' id='word_1_27' title='bbox 313 872 399 935; x_wconf 89' lang='lat' dir='ltr'><strong>nihil</strong></span> <span class='ocrx_word' id='word_1_28' title='bbox 421 871 544 936; x_wconf 93' lang='lat' dir='ltr'>amodo</span> <span class='ocrx_word' id='word_1_29' title='bbox 563 879 671 954; x_wconf 83' lang='lat' dir='ltr'>petet,</span> <span class='ocrx_word' id='word_1_30' title='bbox 688 878 836 955; x_wconf 84' lang='lat' dir='ltr'>excepto</span> <span class='ocrx_word' id='word_1_31' title='bbox 855 873 897 935; x_wconf 88' lang='lat' dir='ltr'>de</span> <span class='ocrx_word' id='word_1_32' title='bbox 914 870 1098 948; x_wconf 84' lang='lat' dir='ltr'>Arvernia,</span> 
     </span>
     <span class='ocr_line' id='line_1_6' title="bbox 147 971 1099 1054; baseline -0.001 -20"><span class='ocrx_word' id='word_1_33' title='bbox 147 972 191 1035; x_wconf 90' lang='lat' dir='ltr'>de</span> <span class='ocrx_word' id='word_1_34' title='bbox 212 992 282 1054; x_wconf 92' lang='lat' dir='ltr'>qua</span> <span class='ocrx_word' id='word_1_35' title='bbox 298 972 388 1035; x_wconf 88' lang='lat' dir='ltr'>inter</span> <span class='ocrx_word' id='word_1_36' title='bbox 407 973 471 1035; x_wconf 89' lang='lat' dir='ltr'>nos</span> <span class='ocrx_word' id='word_1_37' title='bbox 491 978 545 1035; x_wconf 88' lang='lat' dir='ltr'>est</span> <span class='ocrx_word' id='word_1_38' title='bbox 562 971 750 1049; x_wconf 88' lang='lat' dir='ltr'>contentio,</span> <span class='ocrx_word' id='word_1_39' title='bbox 772 979 808 1035; x_wconf 90' lang='lat' dir='ltr'>et</span> <span class='ocrx_word' id='word_1_40' title='bbox 829 978 977 1054; x_wconf 86' lang='lat' dir='ltr'>excepto</span> <span class='ocrx_word' id='word_1_41' title='bbox 997 971 1099 1034; x_wconf 84' lang='lat' dir='ltr'>feodo</span> 
     </span>
     <span class='ocr_line' id='line_1_7' title="bbox 148 1069 1100 1153; baseline -0.002 -19"><span class='ocrx_word' id='word_1_42' title='bbox 148 1070 190 1134; x_wconf 90' lang='lat' dir='ltr'>de</span> <span class='ocrx_word' id='word_1_43' title='bbox 220 1079 335 1136; x_wconf 88' lang='lat' dir='ltr'>castro</span> <span class='ocrx_word' id='word_1_44' title='bbox 365 1069 554 1153; x_wconf 91' lang='lat' dir='ltr'>Radulpbi,</span> <span class='ocrx_word' id='word_1_45' title='bbox 576 1079 612 1135; x_wconf 86' lang='lat' dir='ltr'>et</span> <span class='ocrx_word' id='word_1_46' title='bbox 636 1070 792 1153; x_wconf 87' lang='lat' dir='ltr'>exceptis</span> <span class='ocrx_word' id='word_1_47' title='bbox 819 1071 960 1134; x_wconf 86' lang='lat' dir='ltr'>minutis</span> <span class='ocrx_word' id='word_1_48' title='bbox 988 1070 1100 1133; x_wconf 86' lang='lat' dir='ltr'>feodis</span> 
     </span>
     <span class='ocr_line' id='line_1_8' title="bbox 147 1169 1096 1235; baseline -0.001 -2"><span class='ocrx_word' id='word_1_49' title='bbox 147 1172 276 1234; x_wconf 87' lang='lat' dir='ltr'>nostris</span> <span class='ocrx_word' id='word_1_50' title='bbox 302 1177 338 1234; x_wconf 88' lang='lat' dir='ltr'>et</span> <span class='ocrx_word' id='word_1_51' title='bbox 359 1171 480 1235; x_wconf 89' lang='lat' dir='ltr'>divisis</span> <span class='ocrx_word' id='word_1_52' title='bbox 506 1177 675 1234; x_wconf 88' lang='lat' dir='ltr'>terrarum</span> <span class='ocrx_word' id='word_1_53' title='bbox 700 1180 892 1235; x_wconf 88' lang='lat' dir='ltr'>nostrarum</span> <span class='ocrx_word' id='word_1_54' title='bbox 918 1170 960 1233; x_wconf 91' lang='lat' dir='ltr'>de</span> <span class='ocrx_word' id='word_1_55' title='bbox 984 1169 1096 1232; x_wconf 89' lang='lat' dir='ltr'>Berri.</span> 
     </span>
     <span class='ocr_line' id='line_1_9' title="bbox 147 1269 1095 1354; baseline -0.002 -21"><span class='ocrx_word' id='word_1_56' title='bbox 147 1269 185 1333; x_wconf 89' lang='lat' dir='ltr'>Si</span> <span class='ocrx_word' id='word_1_57' title='bbox 205 1277 322 1335; x_wconf 86' lang='lat' dir='ltr'>autem</span> <span class='ocrx_word' id='word_1_58' title='bbox 343 1290 448 1353; x_wconf 87' lang='lat' dir='ltr'>super</span> <span class='ocrx_word' id='word_1_59' title='bbox 469 1271 535 1348; x_wconf 90' lang='lat' dir='ltr'>bis,</span> <span class='ocrx_word' id='word_1_60' title='bbox 554 1290 632 1353; x_wconf 85' lang='lat' dir='ltr'>qnae</span> <span class='ocrx_word' id='word_1_61' title='bbox 651 1278 800 1354; x_wconf 85' lang='lat' dir='ltr'>excepta</span> <span class='ocrx_word' id='word_1_62' title='bbox 820 1278 915 1348; x_wconf 88' lang='lat' dir='ltr'>sunt,</span> <span class='ocrx_word' id='word_1_63' title='bbox 932 1289 995 1352; x_wconf 90' lang='lat' dir='ltr'>pcr</span> <span class='ocrx_word' id='word_1_64' title='bbox 1016 1289 1095 1332; x_wconf 92' lang='lat' dir='ltr'>nos·</span> 
     </span>
     <span class='ocr_line' id='line_1_10' title="bbox 147 1368 1097 1453; baseline -0.001 -21"><span class='ocrx_word' id='word_1_65' title='bbox 147 1370 312 1453; x_wconf 84' lang='lat' dir='ltr'>metipsos</span> <span class='ocrx_word' id='word_1_66' title='bbox 334 1371 517 1435; x_wconf 86' lang='lat' dir='ltr'>convenire</span> <span class='ocrx_word' id='word_1_67' title='bbox 542 1390 613 1434; x_wconf 92' lang='lat' dir='ltr'>non</span> <span class='ocrx_word' id='word_1_68' title='bbox 640 1370 841 1452; x_wconf 82' lang='lat' dir='ltr'>poterimus,</span> <span class='ocrx_word' id='word_1_69' title='bbox 867 1390 933 1452; x_wconf 83' lang='lat' dir='ltr'>ego</span> <span class='ocrx_word' id='word_1_70' title='bbox 962 1368 1097 1451; x_wconf 90' lang='lat' dir='ltr'>Philip-</span> 
     </span>
     <span class='ocr_line' id='line_1_11' title="bbox 146 1468 1098 1554; baseline -0.001 -22"><span class='ocrx_word' id='word_1_71' title='bbox 146 1489 211 1552; x_wconf 89' lang='lat' dir='ltr'>pus</span> <span class='ocrx_word' id='word_1_72' title='bbox 229 1478 301 1534; x_wconf 89' lang='lat' dir='ltr'>tres</span> <span class='ocrx_word' id='word_1_73' title='bbox 321 1469 411 1551; x_wconf 77' lang='lat' dir='ltr'>elegi</span> <span class='ocrx_word' id='word_1_74' title='bbox 429 1471 609 1554; x_wconf 89' lang='lat' dir='ltr'>episcopos</span> <span class='ocrx_word' id='word_1_75' title='bbox 629 1477 666 1534; x_wconf 86' lang='lat' dir='ltr'>et</span> <span class='ocrx_word' id='word_1_76' title='bbox 681 1471 842 1547; x_wconf 87' lang='lat' dir='ltr'>barones,</span> <span class='ocrx_word' id='word_1_77' title='bbox 858 1478 893 1534; x_wconf 87' lang='lat' dir='ltr'>et</span> <span class='ocrx_word' id='word_1_78' title='bbox 915 1489 980 1551; x_wconf 81' lang='lat' dir='ltr'>ego</span> <span class='ocrx_word' id='word_1_79' title='bbox 1000 1468 1098 1532; x_wconf 86' lang='lat' dir='ltr'>Hen-</span> 
     </span>
     <span class='ocr_line' id='line_1_12' title="bbox 147 1569 1098 1653; baseline -0.001 -21"><span class='ocrx_word' id='word_1_80' title='bbox 147 1570 238 1632; x_wconf 90' lang='lat' dir='ltr'>ricus</span> <span class='ocrx_word' id='word_1_81' title='bbox 258 1569 415 1648; x_wconf 87' lang='lat' dir='ltr'>totidem,</span> <span class='ocrx_word' id='word_1_82' title='bbox 433 1571 492 1653; x_wconf 91' lang='lat' dir='ltr'>qni</span> <span class='ocrx_word' id='word_1_83' title='bbox 510 1570 601 1633; x_wconf 91' lang='lat' dir='ltr'>inter</span> <span class='ocrx_word' id='word_1_84' title='bbox 618 1589 682 1633; x_wconf 92' lang='lat' dir='ltr'>nos</span> <span class='ocrx_word' id='word_1_85' title='bbox 700 1570 827 1647; x_wconf 88' lang='lat' dir='ltr'>dicent,</span> <span class='ocrx_word' id='word_1_86' title='bbox 843 1577 879 1633; x_wconf 90' lang='lat' dir='ltr'>et</span> <span class='ocrx_word' id='word_1_87' title='bbox 897 1589 960 1635; x_wconf 92' lang='lat' dir='ltr'>nos</span> <span class='ocrx_word' id='word_1_88' title='bbox 978 1588 1098 1634; x_wconf 90' lang='lat' dir='ltr'>eorum</span> 
     </span>
     <span class='ocr_line' id='line_1_13' title="bbox 142 1666 1096 1753; baseline -0.002 -21"><span class='ocrx_word' id='word_1_89' title='bbox 142 1668 275 1753; x_wconf 92' lang='lat' dir='ltr'>judicio</span> <span class='ocrx_word' id='word_1_90' title='bbox 300 1671 470 1733; x_wconf 88' lang='lat' dir='ltr'>stabimus</span> <span class='ocrx_word' id='word_1_91' title='bbox 495 1670 640 1733; x_wconf 88' lang='lat' dir='ltr'>firmiter</span> <span class='ocrx_word' id='word_1_92' title='bbox 662 1675 698 1733; x_wconf 87' lang='lat' dir='ltr'>et</span> <span class='ocrx_word' id='word_1_93' title='bbox 720 1671 812 1734; x_wconf 91' lang='lat' dir='ltr'>bona</span> <span class='ocrx_word' id='word_1_94' title='bbox 834 1669 922 1733; x_wconf 64' lang='lat' dir='ltr'>fide?</span> <span class='ocrx_word' id='word_1_95' title='bbox 965 1666 1096 1733; x_wconf 90' lang='lat' dir='ltr'>Eodem</span> 
     </span>
     <span class='ocr_line' id='line_1_14' title="bbox 147 1767 1098 1851; baseline -0.002 -18"><span class='ocrx_word' id='word_1_96' title='bbox 147 1778 301 1851; x_wconf 88' lang='lat' dir='ltr'>tempore</span> <span class='ocrx_word' id='word_1_97' title='bbox 334 1768 551 1846; x_wconf 84' lang='lat' dir='ltr'>Lodowicus,</span> <span class='ocrx_word' id='word_1_98' title='bbox 585 1788 647 1832; x_wconf 85' lang='lat' dir='ltr'>rex</span> <span class='ocrx_word' id='word_1_99' title='bbox 683 1769 907 1845; x_wconf 80' lang='lat' dir='ltr'>Francorum,</span> <span class='ocrx_word' id='word_1_100' title='bbox 941 1767 1098 1831; x_wconf 87' lang='lat' dir='ltr'>Parisius</span> 
     </span>
     <span class='ocr_line' id='line_1_15' title="bbox 146 1866 1097 1949; baseline -0.002 -17"><span class='ocrx_word' id='word_1_101' title='bbox 146 1869 235 1932; x_wconf 91' lang='lat' dir='ltr'>diem</span> <span class='ocrx_word' id='word_1_102' title='bbox 253 1870 403 1933; x_wconf 85' lang='lat' dir='ltr'>exclusit</span> <span class='ocrx_word' id='word_1_103' title='bbox 421 1875 614 1932; x_wconf 86' lang='lat' dir='ltr'>extremum</span> <span class='ocrx_word' id='word_1_104' title='bbox 632 1868 765 1932; x_wconf 85' lang='lat' dir='ltr'>decimo</span> <span class='ocrx_word' id='word_1_105' title='bbox 786 1876 911 1949; x_wconf 88' lang='lat' dir='ltr'>quarto</span> <span class='ocrx_word' id='word_1_106' title='bbox 928 1866 1097 1930; x_wconf 80' lang='lat' dir='ltr'>kalendas</span> 
     </span>
     <span class='ocr_line' id='line_1_16' title="bbox 147 1965 1097 2051; baseline -0.002 -19"><span class='ocrx_word' id='word_1_107' title='bbox 147 1969 322 2045; x_wconf 84' lang='lat' dir='ltr'>Octobris,</span> <span class='ocrx_word' id='word_1_108' title='bbox 346 1975 382 2034; x_wconf 88' lang='lat' dir='ltr'>et</span> <span class='ocrx_word' id='word_1_109' title='bbox 407 1968 565 2051; x_wconf 87' lang='lat' dir='ltr'>sepultus</span> <span class='ocrx_word' id='word_1_110' title='bbox 591 1966 705 2031; x_wconf 87' lang='lat' dir='ltr'>estin</span> <span class='ocrx_word' id='word_1_111' title='bbox 732 1967 942 2030; x_wconf 89' lang='lat' dir='ltr'>monasterio</span> <span class='ocrx_word' id='word_1_112' title='bbox 965 1965 1097 2030; x_wconf 89' lang='lat' dir='ltr'>Cister-</span> 
     </span>
     <span class='ocr_line' id='line_1_17' title="bbox 145 2062 1096 2149; baseline -0.003 -17"><span class='ocrx_word' id='word_1_113' title='bbox 145 2069 258 2132; x_wconf 89' lang='lat' dir='ltr'>censis</span> <span class='ocrx_word' id='word_1_114' title='bbox 291 2066 434 2146; x_wconf 92' lang='lat' dir='ltr'>ordinis,</span> <span class='ocrx_word' id='word_1_115' title='bbox 472 2062 690 2132; x_wconf 86' lang='lat' dir='ltr'>¹Barbellum</span> <span class='ocrx_word' id='word_1_116' title='bbox 722 2074 973 2149; x_wconf 88' lang='lat' dir='ltr'>nuncupatum,</span> <span class='ocrx_word' id='word_1_117' title='bbox 1004 2067 1096 2149; x_wconf 91' lang='lat' dir='ltr'>quod</span> 
     </span>
     <span class='ocr_line' id='line_1_18' title="bbox 145 2166 1096 2251; baseline -0.002 -20"><span class='ocrx_word' id='word_1_118' title='bbox 145 2168 249 2232; x_wconf 86' lang='lat' dir='ltr'>ctiam</span> <span class='ocrx_word' id='word_1_119' title='bbox 284 2167 431 2250; x_wconf 89' lang='lat' dir='ltr'>propriis</span> <span class='ocrx_word' id='word_1_120' title='bbox 463 2169 658 2251; x_wconf 88' lang='lat' dir='ltr'>sumptibus</span> <span class='ocrx_word' id='word_1_121' title='bbox 690 2166 890 2232; x_wconf 85' lang='lat' dir='ltr'>inchoatum</span> <span class='ocrx_word' id='word_1_122' title='bbox 917 2167 1008 2230; x_wconf 91' lang='lat' dir='ltr'>idem</span> <span class='ocrx_word' id='word_1_123' title='bbox 1033 2186 1096 2230; x_wconf 82' lang='lat' dir='ltr'>rex</span> 
     </span>
     <span class='ocr_line' id='line_1_19' title="bbox 145 2266 650 2333; baseline 0.004 -2"><span class='ocrx_word' id='word_1_124' title='bbox 145 2266 367 2332; x_wconf 84' lang='lat' dir='ltr'>laudabiliter</span> <span class='ocrx_word' id='word_1_125' title='bbox 386 2268 650 2333; x_wconf 82' lang='lat' dir='ltr'>consummavit.</span> 
     </span>
    </p>
   </div>
   <div class='ocr_carea' id='block_1_3' title="bbox 156 2440 1192 2750">
    <p class='ocr_par' dir='ltr' id='par_1_3' title="bbox 156 2440 1192 2750">
     <span class='ocr_line' id='line_1_20' title="bbox 156 2440 1080 2526; baseline 0.001 -23"><span class='ocrx_word' id='word_1_126' title='bbox 156 2440 244 2521; x_wconf 75' lang='lat' dir='ltr'>Quod</span> <span class='ocrx_word' id='word_1_127' title='bbox 258 2441 452 2519; x_wconf 74' lang='lat' dir='ltr'>Richardus,</span> <span class='ocrx_word' id='word_1_128' title='bbox 469 2464 562 2507; x_wconf 77' lang='lat' dir='ltr'>comcs</span> <span class='ocrx_word' id='word_1_129' title='bbox 578 2442 784 2518; x_wconf 77' lang='lat' dir='ltr'>Pictooamis,</span> <span class='ocrx_word' id='word_1_130' title='bbox 803 2451 903 2507; x_wconf 75' lang='lat' dir='ltr'>terras</span> <span class='ocrx_word' id='word_1_131' title='bbox 923 2441 1080 2526; x_wconf 58' lang='lat' dir='ltr'>(leufridi</span> 
     </span>
     <span class='ocr_line' id='line_1_21' title="bbox 367 2542 875 2628; baseline -0.004 -21"><span class='ocrx_word' id='word_1_132' title='bbox 367 2543 405 2607; x_wconf 74' lang='lat' dir='ltr'>do</span> <span class='ocrx_word' id='word_1_133' title='bbox 418 2543 582 2608; x_wconf 74' lang='lat' dir='ltr'>biziuioco</span> <span class='ocrx_word' id='word_1_134' title='bbox 595 2543 738 2628; x_wconf 71' lang='lat' dir='ltr'>probiter</span> <span class='ocrx_word' id='word_1_135' title='bbox 750 2542 875 2625; x_wconf 63' lang='lat' dir='ltr'>afflixit.</span> 
     </span>
     <span class='ocr_line' id='line_1_22' title="bbox 171 2636 1192 2750; baseline -0.01 -20"><span class='ocrx_word' id='word_1_136' title='bbox 171 2636 178 2645; x_wconf 23' lang='grc' dir='ltr'>ι</span> <span class='ocrx_word' id='word_1_137' title='bbox 196 2666 267 2730; x_wconf 91' lang='lat' dir='ltr'>Per</span> <span class='ocrx_word' id='word_1_138' title='bbox 288 2665 378 2730; x_wconf 87' lang='lat' dir='ltr'>idem</span> <span class='ocrx_word' id='word_1_139' title='bbox 402 2674 536 2749; x_wconf 87' lang='lat' dir='ltr'>tempus</span> <span class='ocrx_word' id='word_1_140' title='bbox 553 2664 834 2750; x_wconf 86' lang='lat' dir='ltr'>Aquitannorum</span> <span class='ocrx_word' id='word_1_141' title='bbox 857 2666 929 2730; x_wconf 85' lang='lat' dir='ltr'>dux</span> <span class='ocrx_word' id='word_1_142' title='bbox 949 2664 1096 2731; x_wconf 88' lang='lat' dir='ltr'>Richar-</span> <span class='ocrx_word' id='word_1_143' title='bbox 1110 2682 1192 2722; x_wconf 71' lang='lat' dir='ltr'>aanor</span> 
     </span>
    </p>
   </div>
   <div class='ocr_carea' id='block_1_4' title="bbox 147 2733 1208 2850">
    <p class='ocr_par' dir='ltr' id='par_1_4' title="bbox 147 2733 1208 2850">
     <span class='ocr_line' id='line_1_23' title="bbox 147 2733 1208 2850; baseline -0.004 -19"><span class='ocrx_word' id='word_1_144' title='bbox 147 2768 211 2831; x_wconf 90' lang='lat' dir='ltr'>dus</span> <span class='ocrx_word' id='word_1_145' title='bbox 234 2773 270 2831; x_wconf 84' lang='lat' dir='ltr'>et</span> <span class='ocrx_word' id='word_1_146' title='bbox 293 2766 437 2830; x_wconf 87' lang='lat' dir='ltr'>Henrici</span> <span class='ocrx_word' id='word_1_147' title='bbox 460 2767 551 2849; x_wconf 86' lang='lat' dir='ltr'>regis</span> <span class='ocrx_word' id='word_1_148' title='bbox 568 2767 673 2845; x_wconf 89' lang='lat' dir='ltr'>filius,</span> <span class='ocrx_word' id='word_1_149' title='bbox 695 2788 757 2850; x_wconf 87' lang='lat' dir='ltr'>per</span> <span class='ocrx_word' id='word_1_150' title='bbox 779 2767 975 2849; x_wconf 89' lang='lat' dir='ltr'>superbiam</span> <span class='ocrx_word' id='word_1_151' title='bbox 998 2765 1095 2829; x_wconf 89' lang='lat' dir='ltr'>Gau·</span> <span class='ocrx_word' id='word_1_152' title='bbox 1108 2733 1208 2821; x_wconf 43' lang='lat' dir='ltr'>iffi?</span> 
     </span>
    </p>
   </div>
   <div class='ocr_carea' id='block_1_5' title="bbox 144 2833 1231 3944">
    <p class='ocr_par' dir='ltr' id='par_1_5' title="bbox 144 2833 1231 3944">
     <span class='ocr_line' id='line_1_24' title="bbox 147 2833 1231 2950; baseline -0.002 -20"><span class='ocrx_word' id='word_1_153' title='bbox 147 2867 226 2931; x_wconf 81' lang='lat' dir='ltr'>iridi</span> <span class='ocrx_word' id='word_1_154' title='bbox 257 2867 300 2931; x_wconf 86' lang='lat' dir='ltr'>de</span> <span class='ocrx_word' id='word_1_155' title='bbox 328 2867 497 2931; x_wconf 89' lang='lat' dir='ltr'>Rancona</span> <span class='ocrx_word' id='word_1_156' title='bbox 523 2866 642 2931; x_wconf 88' lang='lat' dir='ltr'>multis</span> <span class='ocrx_word' id='word_1_157' title='bbox 672 2887 765 2950; x_wconf 88' lang='lat' dir='ltr'>saepe</span> <span class='ocrx_word' id='word_1_158' title='bbox 793 2868 975 2930; x_wconf 88' lang='lat' dir='ltr'>lacessitus</span> <span class='ocrx_word' id='word_1_159' title='bbox 1004 2865 1095 2949; x_wconf 92' lang='lat' dir='ltr'>inju-</span> <span class='ocrx_word' id='word_1_160' title='bbox 1108 2833 1231 2882; x_wconf 61' lang='lat' dir='ltr'>nquam.</span> 
     </span>
     <span class='ocr_line' id='line_1_25' title="bbox 147 2965 1096 3049; baseline -0.002 -20"><span class='ocrx_word' id='word_1_161' title='bbox 147 2967 219 3045; x_wconf 91' lang='lat' dir='ltr'>riis,</span> <span class='ocrx_word' id='word_1_162' title='bbox 248 2966 402 3031; x_wconf 88' lang='lat' dir='ltr'>collectis</span> <span class='ocrx_word' id='word_1_163' title='bbox 424 2967 576 3049; x_wconf 89' lang='lat' dir='ltr'>undique</span> <span class='ocrx_word' id='word_1_164' title='bbox 608 2967 814 3030; x_wconf 89' lang='lat' dir='ltr'>militaribus</span> <span class='ocrx_word' id='word_1_165' title='bbox 837 2965 957 3047; x_wconf 75' lang='lat' dir='ltr'>copiiS,</span> <span class='ocrx_word' id='word_1_166' title='bbox 979 2965 1096 3028; x_wconf 83' lang='lat' dir='ltr'>Taile-</span> 
     </span>
     <span class='ocr_line' id='line_1_26' title="bbox 147 3058 1097 3150; baseline -0.005 -19"><span class='ocrx_word' id='word_1_167' title='bbox 147 3068 245 3144; x_wconf 87' lang='lat' dir='ltr'>burc,</span> <span class='ocrx_word' id='word_1_168' title='bbox 259 3066 439 3130; x_wconf 88' lang='lat' dir='ltr'>castellum</span> <span class='ocrx_word' id='word_1_169' title='bbox 456 3065 611 3150; x_wconf 89' lang='lat' dir='ltr'>ejusdem</span> <span class='ocrx_word' id='word_1_170' title='bbox 629 3065 801 3143; x_wconf 86' lang='lat' dir='ltr'>Gaufridi,</span> <span class='ocrx_word' id='word_1_171' title='bbox 812 3058 1007 3128; x_wconf 82' lang='lat' dir='ltr'>²obsidione</span> <span class='ocrx_word' id='word_1_172' title='bbox 1024 3064 1097 3128; x_wconf 88' lang='lat' dir='ltr'>val-</span> 
     </span>
     <span class='ocr_line' id='line_1_27' title="bbox 144 3163 1096 3249; baseline -0.003 -21"><span class='ocrx_word' id='word_1_173' title='bbox 144 3166 246 3244; x_wconf 84' lang='lat' dir='ltr'>lavit,</span> <span class='ocrx_word' id='word_1_174' title='bbox 264 3186 350 3249; x_wconf 91' lang='lat' dir='ltr'>opus</span> <span class='ocrx_word' id='word_1_175' title='bbox 366 3166 682 3249; x_wconf 87' lang='lat' dir='ltr'>desperatissimum</span> <span class='ocrx_word' id='word_1_176' title='bbox 702 3173 737 3230; x_wconf 89' lang='lat' dir='ltr'>et</span> <span class='ocrx_word' id='word_1_177' title='bbox 752 3164 843 3248; x_wconf 91' lang='lat' dir='ltr'>quod</span> <span class='ocrx_word' id='word_1_178' title='bbox 864 3182 1004 3227; x_wconf 91' lang='lat' dir='ltr'>suorum</span> <span class='ocrx_word' id='word_1_179' title='bbox 1021 3163 1096 3226; x_wconf 92' lang='lat' dir='ltr'>nul-</span> 
     </span>
     <span class='ocr_line' id='line_1_28' title="bbox 147 3264 1097 3349; baseline -0.004 -20"><span class='ocrx_word' id='word_1_180' title='bbox 147 3267 202 3330; x_wconf 88' lang='lat' dir='ltr'>lus</span> <span class='ocrx_word' id='word_1_181' title='bbox 219 3274 477 3331; x_wconf 87' lang='lat' dir='ltr'>autecessorum</span> <span class='ocrx_word' id='word_1_182' title='bbox 492 3274 665 3332; x_wconf 87' lang='lat' dir='ltr'>attentare</span> <span class='ocrx_word' id='word_1_183' title='bbox 680 3264 921 3349; x_wconf 80' lang='lat' dir='ltr'>praesumpsit3</span> <span class='ocrx_word' id='word_1_184' title='bbox 944 3270 1097 3326; x_wconf 89' lang='lat' dir='ltr'>castrum</span> 
     </span>
     <span class='ocr_line' id='line_1_29' title="bbox 145 3364 1096 3444; baseline -0.003 -16"><span class='ocrx_word' id='word_1_185' title='bbox 145 3368 239 3430; x_wconf 88' lang='lat' dir='ltr'>enim</span> <span class='ocrx_word' id='word_1_186' title='bbox 260 3365 347 3430; x_wconf 91' lang='lat' dir='ltr'>illud</span> <span class='ocrx_word' id='word_1_187' title='bbox 371 3373 452 3431; x_wconf 88' lang='lat' dir='ltr'>aute</span> <span class='ocrx_word' id='word_1_188' title='bbox 475 3366 548 3430; x_wconf 86' lang='lat' dir='ltr'>dies</span> <span class='ocrx_word' id='word_1_189' title='bbox 575 3366 653 3430; x_wconf 90' lang='lat' dir='ltr'>illos</span> <span class='ocrx_word' id='word_1_190' title='bbox 683 3365 835 3431; x_wconf 91' lang='lat' dir='ltr'>hostium</span> <span class='ocrx_word' id='word_1_191' title='bbox 858 3364 976 3427; x_wconf 86' lang='lat' dir='ltr'>cuneis</span> <span class='ocrx_word' id='word_1_192' title='bbox 998 3382 1096 3444; x_wconf 54' lang='lat' dir='ltr'>pror-¹</span> 
     </span>
     <span class='ocr_line' id='line_1_30' title="bbox 148 3464 1096 3550; baseline -0.006 -19"><span class='ocrx_word' id='word_1_193' title='bbox 148 3486 208 3531; x_wconf 86' lang='lat' dir='ltr'>sus</span> <span class='ocrx_word' id='word_1_194' title='bbox 225 3466 452 3548; x_wconf 82' lang='lat' dir='ltr'>incognitum,</span> <span class='ocrx_word' id='word_1_195' title='bbox 475 3467 604 3550; x_wconf 88' lang='lat' dir='ltr'>triplici</span> <span class='ocrx_word' id='word_1_196' title='bbox 622 3467 753 3529; x_wconf 88' lang='lat' dir='ltr'>fossato</span> <span class='ocrx_word' id='word_1_197' title='bbox 776 3464 988 3545; x_wconf 88' lang='lat' dir='ltr'>totidemque</span> <span class='ocrx_word' id='word_1_198' title='bbox 1010 3482 1096 3526; x_wconf 89' lang='lat' dir='ltr'>moe·</span> 
     </span>
     <span class='ocr_line' id='line_1_31' title="bbox 148 3563 1096 3648; baseline -0.004 -20"><span class='ocrx_word' id='word_1_199' title='bbox 148 3567 214 3629; x_wconf 90' lang='lat' dir='ltr'>niis</span> <span class='ocrx_word' id='word_1_200' title='bbox 234 3566 410 3642; x_wconf 87' lang='lat' dir='ltr'>vestitum,</span> <span class='ocrx_word' id='word_1_201' title='bbox 427 3567 525 3645; x_wconf 78' lang='lat' dir='ltr'>seria,</span> <span class='ocrx_word' id='word_1_202' title='bbox 549 3565 652 3631; x_wconf 88' lang='lat' dir='ltr'>armis</span> <span class='ocrx_word' id='word_1_203' title='bbox 674 3573 709 3629; x_wconf 88' lang='lat' dir='ltr'>et</span> <span class='ocrx_word' id='word_1_204' title='bbox 731 3565 907 3648; x_wconf 83' lang='lat' dir='ltr'>repagulis</span> <span class='ocrx_word' id='word_1_205' title='bbox 930 3563 1096 3626; x_wconf 87' lang='lat' dir='ltr'>sufficien-</span> 
     </span>
     <span class='ocr_line' id='line_1_32' title="bbox 148 3662 1097 3746; baseline -0.006 -16"><span class='ocrx_word' id='word_1_206' title='bbox 148 3674 201 3730; x_wconf 83' lang='lat' dir='ltr'>ter</span> <span class='ocrx_word' id='word_1_207' title='bbox 219 3667 439 3745; x_wconf 90' lang='lat' dir='ltr'>instructum,</span> <span class='ocrx_word' id='word_1_208' title='bbox 461 3667 613 3731; x_wconf 89' lang='lat' dir='ltr'>turribus</span> <span class='ocrx_word' id='word_1_209' title='bbox 631 3684 693 3746; x_wconf 88' lang='lat' dir='ltr'>per</span> <span class='ocrx_word' id='word_1_210' title='bbox 713 3664 898 3728; x_wconf 85' lang='lat' dir='ltr'>intervalla</span> <span class='ocrx_word' id='word_1_211' title='bbox 920 3662 1097 3745; x_wconf 87' lang='lat' dir='ltr'>dispositis</span> 
     </span>
     <span class='ocr_line' id='line_1_33' title="bbox 146 3760 1097 3849; baseline -0.006 -21"><span class='ocrx_word' id='word_1_212' title='bbox 146 3766 365 3846; x_wconf 82' lang='lat' dir='ltr'>insignitum,</span> <span class='ocrx_word' id='word_1_213' title='bbox 389 3773 604 3849; x_wconf 83' lang='lat' dir='ltr'>comportato</span> <span class='ocrx_word' id='word_1_214' title='bbox 626 3765 741 3847; x_wconf 87' lang='lat' dir='ltr'>lapide</span> <span class='ocrx_word' id='word_1_215' title='bbox 767 3765 804 3827; x_wconf 94' lang='lat' dir='ltr'>in</span> <span class='ocrx_word' id='word_1_216' title='bbox 825 3760 1097 3847; x_wconf 83' lang='lat' dir='ltr'>propugnaculis</span> 
     </span>
     <span class='ocr_line' id='line_1_34' title="bbox 146 3860 1098 3944; baseline -0.006 -15"><span class='ocrx_word' id='word_1_217' title='bbox 146 3867 330 3944; x_wconf 89' lang='lat' dir='ltr'>munitum,</span> <span class='ocrx_word' id='word_1_218' title='bbox 352 3866 531 3930; x_wconf 90' lang='lat' dir='ltr'>abundans</span> <span class='ocrx_word' id='word_1_219' title='bbox 553 3866 589 3928; x_wconf 93' lang='lat' dir='ltr'>in</span> <span class='ocrx_word' id='word_1_220' title='bbox 604 3865 827 3940; x_wconf 88' lang='lat' dir='ltr'>victualibus,</span> <span class='ocrx_word' id='word_1_221' title='bbox 850 3863 1012 3926; x_wconf 88' lang='lat' dir='ltr'>refertum</span> <span class='ocrx_word' id='word_1_222' title='bbox 1034 3860 1098 3924; x_wconf 88' lang='lat' dir='ltr'>mi·</span> 
     </span>
    </p>
   </div>
   <div class='ocr_carea' id='block_1_6' title="bbox 184 4034 1098 4109">
    <p class='ocr_par' dir='ltr' id='par_1_6' title="bbox 184 4034 1098 4109">
     <span class='ocr_line' id='line_1_35' title="bbox 184 4034 1098 4109; baseline -0.007 -13"><span class='ocrx_word' id='word_1_223' title='bbox 184 4043 380 4109; x_wconf 83' lang='lat' dir='ltr'>¹Borbeilum.]</span> <span class='ocrx_word' id='word_1_224' title='bbox 405 4046 459 4094; x_wconf 85' lang='lat' dir='ltr'>The</span> <span class='ocrx_word' id='word_1_225' title='bbox 481 4046 563 4107; x_wconf 87' lang='lat' dir='ltr'>abbey</span> <span class='ocrx_word' id='word_1_226' title='bbox 584 4044 614 4094; x_wconf 87' lang='lat' dir='ltr'>oi</span> <span class='ocrx_word' id='word_1_227' title='bbox 670 4041 825 4092; x_wconf 65' lang='grc' dir='ltr'>2Οὸιιὶάίιιικι</span> <span class='ocrx_word' id='word_1_228' title='bbox 841 4034 974 4108; x_wconf 70' lang='lat' dir='ltr'>vallavit]</span> <span class='ocrx_word' id='word_1_229' title='bbox 998 4040 1039 4090; x_wconf 91' lang='lat' dir='ltr'>On</span> <span class='ocrx_word' id='word_1_230' title='bbox 1055 4040 1098 4090; x_wconf 82' lang='lat' dir='ltr'>the</span> 
     </span>
    </p>
   </div>
   <div class='ocr_carea' id='block_1_7' title="bbox 147 4112 1017 4238">
    <p class='ocr_par' dir='ltr' id='par_1_7' title="bbox 147 4112 1017 4238">
     <span class='ocr_line' id='line_1_36' title="bbox 147 4112 1017 4237; baseline -0.006 -70"><span class='ocrx_word' id='word_1_231' title='bbox 147 4117 386 4237; x_wconf 49' lang='lat' dir='ltr'>Baiffiux&#39;wmch</span> <span class='ocrx_word' id='word_1_232' title='bbox 397 4117 429 4165; x_wconf 88' lang='lat' dir='ltr'>he</span> <span class='ocrx_word' id='word_1_233' title='bbox 440 4115 491 4165; x_wconf 86' lang='lat' dir='ltr'>had</span> <span class='ocrx_word' id='word_1_234' title='bbox 499 4115 610 4166; x_wconf 81' lang='lat' dir='ltr'>founded</span> <span class='ocrx_word' id='word_1_235' title='bbox 638 4118 677 4163; x_wconf 86' lang='lat' dir='ltr'>lst</span> <span class='ocrx_word' id='word_1_236' title='bbox 689 4115 769 4175; x_wconf 82' lang='lat' dir='ltr'>May;</span> <span class='ocrx_word' id='word_1_237' title='bbox 787 4113 889 4174; x_wconf 88' lang='lat' dir='ltr'>Diceto,</span> <span class='ocrx_word' id='word_1_238' title='bbox 899 4112 948 4162; x_wconf 90' lang='lat' dir='ltr'>col.</span> <span class='ocrx_word' id='word_1_239' title='bbox 959 4115 1017 4163; x_wconf 77' lang='lat'><strong>60³.</strong></span> 
     </span>
     <span class='ocr_line' id='line_1_37' title="bbox 147 4202 257 4238; baseline 0.036 -4"><span class='ocrx_word' id='word_1_240' title='bbox 147 4202 174 4234; x_wconf 90' lang='grc' dir='ltr'>ιιι</span> <span class='ocrx_word' id='word_1_241' title='bbox 250 4223 257 4238; x_wconf 91' lang='grc'><strong>.</strong></span> 
     </span>
    </p>
   </div>
   <div class='ocr_carea' id='block_1_8' title="bbox 0 0 1414 4882">
    <p class='ocr_par' dir='ltr' id='par_1_8' title="bbox 0 0 1414 4882">
     <span class='ocr_line' id='line_1_38' title="bbox 0 0 1414 4882; baseline 0 0"><span class='ocrx_word' id='word_1_242' title='bbox 0 0 1414 4882; x_wconf 95' lang='lat' dir='ltr'> </span> 
     </span>
    </p>
   </div>
  </div>
 </body>
</html>
