2820 4882
408 403 548 453 ruouns
571 403 839 453 ursroumnuu.
901 364 906 372 ’
1031 387 1097 454 ael

143 579 223 645 mus
247 560 340 638 binc,
367 568 403 627 et
431 562 477 626 ad
506 562 619 628 locum
645 561 735 626 unde
754 559 959 624 recessimus
982 580 1096 626 rever·
1109 581 1230 622 unum

1108 632 1191 681 ugend
1201 633 1225 672 ot
1230 633 1252 673 8.

145 661 283 725 tamur!
335 661 413 726 Illis
435 672 552 726 autem
574 682 637 745 per
653 662 745 725 viam
770 670 1255 743 quavenerantre·um12mnu·.

142 762 370 840 vertentibus,
385 771 528 827 sanctus
553 781 651 825 suam
675 760 822 824 intravit
840 761 1033 838 ecclesiam,
1059 769 1095 825 et

144 859 248 925 homo
280 862 339 925 ille
367 862 507 927 domum
533 881 632 926 suam
654 861 832 942 ingressus
854 861 994 944 proprio
1019 880 1096 926 sese

143 959 235 1025 lecto
252 962 394 1046 recepit.

158 1137 248 1217 Quod
260 1138 312 1202 uir
319 1137 478 1224 prefatus
492 1137 636 1203 obierum
651 1135 712 1202 sibi
726 1146 873 1202 cucusum
887 1136 1077 1204 reccheoet.

146 1333 149 1338 .
196 1258 263 1323 Vir
295 1268 412 1325 autem
442 1280 543 1325 mane
574 1262 853 1344 expergefactus,
886 1262 923 1325 in
951 1262 1094 1346 ancipiti

143 1358 292 1443 positus,
302 1360 504 1438 fluctuabat,
520 1368 633 1425 utrum
650 1363 716 1426 sub
732 1361 870 1426 silentio
888 1363 1093 1444 praeteriret,

144 1479 192 1523 an
209 1460 298 1538 aliis,
315 1461 445 1545 quaein
462 1461 552 1538 visu,
569 1461 624 1525 vel
647 1462 775 1544 potins,
792 1469 831 1525 ut
848 1463 1092 1546 praesumebat,

145 1580 196 1638 re,
228 1560 454 1644 corporaliter
483 1569 584 1642 gesta
613 1561 793 1639 didicerat,
823 1562 1018 1643 revelaret3
1062 1563 1093 1627 si

143 1661 235 1724 enim
257 1661 387 1737 sileret,
404 1679 548 1743 peccare
568 1663 744 1726 metuebat
759 1662 795 1724 in
813 1661 949 1742 Deum;
972 1663 1002 1726 si
1019 1683 1093 1729 rem

143 1761 349 1843 publicaret,
386 1778 515 1824 sannas
552 1760 727 1840 bominum
760 1762 955 1826 verebatur.
1016 1761 1092 1828 Ista

144 1861 286 1924 tandem
324 1862 439 1925 animo
474 1879 567 1943 saepe
603 1861 785 1926 revolvens
821 1861 937 1938 bomo,
969 1862 1093 1927 timore

147 1961 215 2025 Dei
231 1960 419 2025 humanum
435 1961 635 2041 absorbuit3
662 1968 709 2037 et,
723 1960 805 2025 licet
821 1960 934 2024 adbuc
948 1962 1091 2025 verbum

144 2060 211 2126 boc
227 2061 465 2125 communibus
487 2068 580 2125 esset
601 2060 742 2124 auribus
759 2060 1011 2137 absconditum,
1029 2061 1091 2126 do-

143 2161 306 2226 mesticos
325 2168 441 2225 tamen
466 2180 608 2225 suorum
632 2167 668 2224 et
692 2161 849 2242 privatos
874 2159 987 2224 effecit
1008 2181 1092 2225 con·

145 2262 237 2326 scios
252 2268 474 2326 secretorum.
527 2260 586 2325 Illi
601 2269 730 2336 autem,
745 2261 837 2344 quod
854 2260 1033 2324 dicebatur
1055 2260 1091 2324 in

148 2363 310 2439 tenebris,
334 2362 368 2424 in
386 2361 514 2425 lumine
536 2359 770 2443 proferebant,
782 2367 830 2438 et,
844 2359 936 2443 quod
950 2360 986 2423 in
1008 2378 1092 2424 aure

143 2461 337 2538 audierant,
351 2477 456 2544 super
472 2467 565 2525 tecta
578 2460 827 2543 praedicabant.
879 2460 1024 2524 Factum
1039 2470 1093 2526 est

144 2568 273 2639 autem,
288 2568 328 2625 ut
344 2561 409 2626 hoc
429 2579 520 2624 anno
537 2562 679 2626 verbum
695 2560 789 2625 istud
811 2580 873 2642 per
890 2568 998 2625 totam
1021 2559 1092 2624 dis-

134 2663 373 2727 seminaretur
400 2661 625 2744 provinciam,
651 2659 738 2724 adeo
761 2661 899 2745 quidem
922 2668 962 2725 ut
983 2661 1092 2744 ipsius

144 2762 339 2844 frequentia
355 2761 556 2825 monasterii
571 2761 665 2826 beati
680 2762 843 2845 martyris
853 2757 983 2824 Albani
999 2761 1092 2825 clau·

145 2870 255 2926 strum
277 2863 433 2927 intraret.
486 2861 645 2943 Denique
668 2861 762 2924 fama
786 2860 993 2939 desiderata,
1014 2861 1092 2945 qui·

144 2962 291 3027 busdam
304 2961 567 3045 perferentibus
587 2960 631 3024 ad
654 2962 814 3025 abbatem
836 2960 1010 3024 Simonem
1031 2980 1092 3042 pe·

146 3060 308 3139 necavit,
325 3061 425 3146 cujus
447 3068 528 3144 post
549 3061 663 3124 Deum
686 3059 893 3125 auctoritate
915 3060 1092 3140 negotium

145 3162 230 3228 illud
253 3163 359 3226 robur
379 3168 455 3226 erat
476 3161 673 3244 specialiter
689 3160 906 3238 habiturum;
930 3157 990 3240 qui
1014 3178 1093 3241 pro·

146 3264 240 3329 tinus
265 3263 389 3343 gratiae
403 3262 470 3326 Dei
493 3262 613 3325 laudes
634 3260 813 3344 persolvit,
833 3267 880 3337 et,
904 3259 1092 3323 communi·

145 3369 224 3430 cato
246 3362 403 3438 consilio,
425 3362 554 3426 electos
571 3361 613 3425 de
630 3368 805 3425 conventu
819 3359 943 3424 fratres
959 3357 1094 3441 aliquot

146 3464 191 3529 ad
213 3464 339 3540 locum,
361 3481 463 3545 quem
483 3461 537 3525 vir
553 3460 611 3525 ille
635 3467 837 3534 ostensurus
860 3466 947 3536 crat,
973 3457 1093 3522 codem

146 3565 221 3629 viro
243 3562 386 3646 praevio,
412 3561 612 3626 destinavit.
649 3559 852 3625 Conventus
874 3557 968 3622 domi
990 3557 1094 3622 devo·

145 3666 191 3730 tis
218 3662 431 3727 orationibus
452 3661 685 3738 incumbebat,
708 3666 745 3724 et
768 3659 893 3723 fratres
914 3658 1093 3722 ductorem

145 3783 246 3830 snum
266 3768 463 3845 sequentes,
476 3761 593 3838 videre
614 3769 805 3844 martyrum
826 3758 991 3841 reliquias
1013 3777 1093 3841 pro-

147 3865 338 3948 perabant;
371 3881 440 3944 qno
466 3861 604 3926 demum
628 3861 867 3947 pervenientes
890 3859 1094 3923 invenerunt

145 3965 273 4031 ibidem
284 3963 435 4036 fidelium
451 3961 717 4036 multitudinem,
732 3979 819 4043 quos
829 3959 979 4042 Spiritus
988 3958 1096 4022 Sanc·

147 4074 204 4131 tus
235 4065 278 4128 de
315 4062 462 4127 diversis
501 4061 689 4143 provinciis
724 4060 761 4124 in
793 4079 899 4123 uuum
931 4076 1096 4141 prospero

145 4165 368 4251 prognostico
402 4162 604 4244 collegerat,
640 4169 679 4245 nt
715 4160 906 4227 inventioni
936 4160 1096 4244 martyris
