2820 4882
211 582 267 622 Am.
278 579 334 620 1171.

211 632 297 671 Murder
305 633 329 672 of

210 682 296 721 Becket.

370 391 439 456 362
624 407 759 454 noonru
784 408 831 454 nn
854 407 1060 455 wunnovaa

373 564 488 629 laetale
507 557 652 629 ¹vulnus
672 564 803 646 recepit
820 564 856 627 in
872 563 934 627 illa
953 564 1108 646 corporis
1122 572 1235 648 parte,
1253 585 1326 647 qua

372 664 440 728 olei
462 665 552 729 sacri
573 664 725 746 perfusio
743 663 927 746 specialius
949 663 1048 727 illum
1068 664 1221 729 Domino
1244 684 1323 728 con-

372 771 586 843 secraverat3
610 784 673 828 nec
690 764 777 828 satis
794 762 860 827 suit
877 763 927 826 eis
945 763 1114 845 sanguine
1131 765 1324 828 sacerdotis

372 869 408 927 et
433 883 517 929 nece
542 864 722 928 ecclesiam
747 861 932 946 profanare
958 869 994 927 et
1017 863 1107 927 diem
1130 864 1325 929 sacratissi-

372 982 467 1026 mum
482 964 665 1041 incestare,
681 963 760 1040 uisi,
777 981 907 1026 corona
922 961 1047 1045 capitis
1064 970 1259 1045 amputata,
1273 963 1324 1026 fu-

373 1062 481 1126 nestis
497 1062 622 1144 gladiis
637 1061 711 1146 jam
732 1061 886 1125 defuncti
905 1060 1072 1144 ejicerent
1092 1064 1270 1126 cerebrum
1288 1069 1325 1126 et

371 1162 607 1243 pavimentum
624 1160 858 1224 crudelissime
873 1168 1078 1243 spargerent
1094 1180 1173 1224 cum
1187 1181 1322 1227 cruore.

401 1325 492 1401 Quod
506 1324 626 1393 lictores
643 1323 722 1391 11111
736 1325 887 1410 martyris
900 1325 1000 1411 spolia
1015 1333 1197 1413 rapuerant,
1213 1334 1242 1391 et
1259 1326 1298 1392 de
1325 1327 1327 1330 ’

642 1424 707 1510 ejas
723 1426 875 1509 martyrii
887 1425 1049 1511 dipaitata

422 1548 610 1614 Translato
632 1549 676 1612 ad
701 1549 854 1614 caelestia
877 1556 1028 1631 martyre
1056 1547 1221 1630 glorioso,
1245 1540 1325 1610 ²ne-

372 1648 468 1712 fandi
482 1648 622 1712 lictores
640 1668 718 1712 cum
735 1649 807 1712 suis
829 1648 1054 1732 complicibus
1071 1647 1324 1730 supellectilem

372 1749 535 1832 martyris
561 1755 597 1813 et
622 1748 825 1812 clericorum
845 1748 921 1832 ejus
943 1755 1059 1812 vestes
1084 1753 1120 1810 et
1145 1748 1323 1811 ministro·

371 1867 448 1911 rum
477 1847 689 1912 officinarum
721 1848 874 1911 omnium
906 1846 1068 1911 utensilia
1094 1846 1234 1929 penitus
1264 1866 1324 1910 ra-

371 1955 533 2029 puerunt.
585 1946 720 2029 Corpus
742 1954 860 2011 autem
884 1946 1152 2023 sanctissimum,
1169 1945 1263 2030 quod
1285 1947 1324 2009 in

371 2046 525 2110 ecclesiae
547 2045 711 2110 decubuit
732 2046 943 2128 pavimento,
969 2053 1051 2109 ante
1074 2045 1188 2128 majus
1211 2045 1325 2109 altaro

372 2153 426 2209 est
449 2147 515 2209 sub
538 2145 649 2228 ipsius
675 2145 742 2208 diei
770 2144 972 2228 crepusculo
1001 2144 1232 2226 deportatum,
1262 2145 1325 2208 uhi

371 2245 464 2328 quod
489 2245 586 2328 prius
608 2245 652 2309 ad
677 2243 838 2308 notitiam
865 2243 971 2308 solius
995 2243 1196 2307 cubicularii
1217 2244 1324 2308 deve-

371 2351 482 2420 nerat,
506 2344 722 2408 adstantibus
747 2350 829 2407 tuno
851 2343 985 2407 cunctis
1009 2342 1162 2408 venitin
1185 2343 1322 2424 lucem;

370 2442 452 2508 licet
476 2445 567 2508 enim
593 2443 871 2526 archiepiscopus
898 2442 1053 2506 habitum
1080 2442 1323 2520 monachilem,

371 2561 473 2623 quem
491 2562 513 2606 a
530 2550 685 2626 tempore
706 2561 780 2606 suae
801 2541 1027 2626 promotionis
1047 2541 1181 2605 occulte
1202 2550 1324 2624 porta·

370 2649 481 2720 verat,
511 2642 632 2706 habitu
664 2642 857 2705 canonicali
889 2641 1152 2724 suppressisset,
1182 2660 1323 2705 carnem

371 2747 488 2805 tamen
507 2742 619 2805 cilicio
636 2742 793 2806 attritam
810 2760 889 2805 cum
909 2740 1147 2804 soemoralibus
1163 2740 1323 2819 cilicinis,

371 2840 463 2922 quod
490 2840 648 2904 saerata
674 2841 800 2905 seculis
825 2839 1032 2917 inauditum,
1057 2858 1196 2902 carnem
1221 2860 1323 2904 cura·

370 2946 470 3004 verat
486 2942 666 3020 edomare;
690 2948 737 3018 et,
753 2947 793 3004 ut
812 2939 931 3022 aliqua
947 2939 1098 3004 breviter
1110 2939 1323 3021 perstringa-

370 3059 447 3104 mus
470 3059 548 3122 quae
570 3047 792 3117 concurrunt,
815 3039 869 3103 die
890 3038 1017 3103 Martis
1042 3038 1322 3122 archiepiscopus

370 3139 463 3222 apud
488 3138 803 3223 Northamptonam
824 3158 845 3202 a
867 3139 962 3203 curia
982 3137 1074 3220 regis
1094 3139 1248 3216 recessit,
1266 3138 1323 3203 die

371 3238 498 3302 Martis
521 3240 663 3303 recessit
680 3240 724 3303 ab
741 3237 872 3319 Anglia
894 3237 1036 3301 exilium
1058 3238 1247 3316 subiturus,
1266 3239 1322 3302 die

371 3337 498 3402 Martis
520 3346 693 3421 praecepto
716 3336 846 3402 domini
868 3356 969 3420 papae
990 3344 1167 3401 revertens
1188 3337 1226 3400 in
1243 3335 1321 3402 An-

370 3437 476 3518 gliam
499 3444 553 3501 est
572 3438 751 3521 appulsus,
773 3444 809 3502 et
830 3437 884 3501 die
903 3437 1030 3501 Martis
1049 3436 1217 3519 martyrio
1236 3457 1321 3502 con-

370 3544 574 3601 summatus.
626 3538 799 3620 Sequente
819 3555 902 3600 vero
923 3537 979 3600 die
1003 3535 1167 3600 Mercurii
1185 3555 1322 3602 summo

369 3635 521 3699 diluculo
538 3657 655 3700 rumor
675 3636 857 3714 increbuit,
873 3636 966 3719 quod
983 3634 1122 3698 nefandi
1140 3636 1321 3700 carnifices

367 3755 493 3818 corpus
516 3736 765 3819 archiepiscopi
784 3735 984 3800 abstrahere
1006 3735 1049 3798 ab
1072 3733 1219 3799 ecclesia
1241 3756 1321 3800 con·

393 3900 502 3954 'Vulnus
511 3905 625 3969 recepit]
636 3904 831 3956 ‘Quatuorom-
891 3903 1022 3964 ²quondi
1039 3897 1159 3970 lictores]
1172 3902 1181 3931 ‘
1192 3903 1321 3955 Rohertus

368 3973 428 4020 uiuo
441 3974 531 4023 habuit
547 3976 613 4024 ictus
631 3980 733 4024 sauctus
750 3975 832 4024 archi·
855 3975 887 4022 de
896 3975 1044 4024 Brocetsui
1051 3973 1207 4035 complices,’
1213 3974 1321 4036 Diceto3

368 4043 514 4106 episcopus,
530 4059 616 4094 omnes
636 4045 662 4093 in
684 4045 784 4106 capite3
806 4050 832 4093 et
854 4044 919 4093 from
930 4046 1014 4094 whom
1024 4044 1066 4092 the
1078 4048 1187 4092 account
1197 4043 1227 4091 01
1236 4045 1322 4094 Beck·

370 4125 461 4160 corona
480 4115 571 4174 capitis
588 4119 640 4164 tota
658 4115 682 4164 ei
698 4120 830 4176 amputata
854 4109 900 4162 et’s
912 4115 988 4164 death
1001 4117 1024 4164 is
1035 4114 1112 4163 taken
1127 4113 1220 4163 almost
1230 4117 1321 4165 verba·

369 4184 408 4228 est
418 4175 432 4240 ς’
441 4182 561 4243 Stephon.
573 4200 599 4244 p.
612 4189 652 4234 87.
854 4185 907 4235 tim.
