2820 4882
306 415 374 479 126
566 430 700 478 noorai
725 429 773 476 nn
795 429 1002 478 wnunovrn

145 601 270 701 ffigbppi
310 587 445 655 tiochus
470 588 548 666 fuit,
570 608 681 672 aquo
703 595 821 679 exstat
837 587 1026 665 Antiochia
1046 593 1258 668 nuncupata.

105 725 107 730 ·
146 702 297 742 theotmaro
311 687 528 752 Obsederant
556 708 630 753 eam
665 688 854 752 Christiani
882 694 1068 771 antequam
1101 706 1258 769 compre·

310 788 502 856 henderunt
523 809 584 871 per
609 795 688 853 octo
708 807 843 852 menses
865 795 901 852 et
922 787 1012 851 diem
1033 806 1164 865 unum;
1189 805 1260 869 qua

311 896 426 971 capta,
454 888 665 953 obsederunt
686 908 762 952 eam
782 889 905 952 iterum
931 888 1078 970 gentiles
1104 907 1165 968 per
1186 895 1259 951 tres

310 990 523 1071 septimanas
548 989 749 1071 priusquam
766 989 904 1052 exirent
918 1007 963 1050 ex
977 1007 1019 1050 ea
1033 987 1078 1050 ad
1099 987 1259 1069 praelium

311 1087 511 1155 Christiani.
565 1088 826 1170 Requieverunt
837 1089 945 1169 igitur
958 1088 995 1150 in
1008 1087 1070 1152 illa
1082 1088 1259 1151 mensibus

310 1190 463 1271 quinque
484 1196 521 1252 et
541 1208 671 1253 novem·
686 1189 829 1267 diebus3
853 1208 922 1271 quo
940 1195 1095 1270 tempore
1112 1206 1157 1252 ox
1177 1198 1261 1251 'cau-

310 1289 358 1352 sis
378 1288 523 1353 ocoultis
549 1296 650 1353 tanta
674 1289 791 1354 clades
813 1289 979 1371 populum
1005 1287 1144 1365 afflixit,
1165 1287 1259 1370 quod

309 1388 402 1452 intra
424 1389 497 1474 dies
520 1408 651 1471 paucos
672 1389 716 1453 ad
740 1389 994 1472 qninquaginta
1015 1387 1124 1451 millia
1138 1387 1259 1452 homi-

310 1508 393 1551 num
421 1490 601 1572 utriusque
624 1508 731 1553 sexus
753 1489 968 1570 deperirent3
1000 1489 1090 1552 inter
1112 1496 1260 1570 quoset

310 1588 665 1667 dominusssAimeruS,
692 1589 1051 1665 Pediensisantistes,
1075 1589 1135 1670 qui
1157 1590 1258 1671 quasi

310 1696 410 1771 pater
434 1690 549 1771 plebis
577 1697 652 1753 erat
674 1697 711 1754 et
740 1689 947 1766 moderator,
972 1688 1154 1752 defunctus
1179 1706 1257 1752 cum

310 1788 496 1871 lachrymis
519 1791 670 1854 omnium
697 1790 733 1853 in
757 1788 900 1853 basilica
926 1789 1091 1871 principis
1118 1796 1261 1870 aposto·

311 1889 434 1966 lorum,
451 1890 488 1952 in
507 1889 597 1966 loco,
618 1909 688 1974 quo
709 1889 852 1954 inventa
871 1889 985 1953 fuerat
1000 1888 1122 1952 lancea
1136 1889 1260 1955 Salva-

311 1989 409 2066 toris,
426 1990 604 2073 sepelitur.
657 1989 865 2054 Ceciderunt
878 1990 914 2052 in
929 1990 1023 2053 illius
1040 1988 1148 2053 cladis
1162 2008 1259 2054 acer·

311 2090 419 2153 hitate
435 2089 610 2154 Henricus
623 2090 666 2154 de
683 2090 814 2166 Ascha‚
831 2088 1047 2170 Reginaldus
1060 2088 1102 2152 de
1114 2088 1259 2154 Armes·

311 2190 412 2268 bach,
431 2191 497 2253 viri
515 2191 651 2273 generis
668 2190 849 2254 nobilitate
866 2190 1040 2272 praeclari;
1056 2188 1147 2253 unde
1164 2191 1259 2272 prin-

311 2289 406 2372 cipes
422 2287 551 2367 oaeteri,
566 2298 607 2354 ut
626 2290 789 2354 instantis
805 2290 913 2354 cladis
933 2289 1148 2363 declinarent
1169 2290 1260 2372 peria

313 2390 440 2466 culum,
461 2390 505 2453 ab
527 2390 675 2455 invicem
699 2410 742 2454 ea
764 2390 961 2454 conditione
984 2389 1094 2454 divisi-
1108 2397 1202 2466 sunt,
1219 2398 1260 2455 ut

312 2488 524 2552 inhalendis
543 2489 704 2554 Octobris
725 2491 850 2555 iterum
873 2491 1129 2567 convenientes,
1148 2489 1259 2555 homi-

313 2589 414 2652 nihus
434 2591 601 2653 recreatis
627 2597 662 2654 et
691 2592 802 2674 equis,
827 2597 947 2654 votum
971 2589 1259 2672 peregrinationis

312 2688 540 2753 communiter
571 2690 784 2772 expedirent.
854 2689 994 2754 Interea
1030 2689 1260 2771 ReimunduS,

313 2797 541 2870 cognomento
559 2789 707 2868 Piletus,
723 2810 802 2854 cum
816 2791 889 2854 suis
911 2790 1106 2871 legionibus
1123 2791 1259 2873 equita·

313 2889 442 2952 tionem
464 2889 606 2966 sacione,
628 2891 720 2973 cepit
739 2897 902 2968 castrum,
919 2889 1010 2971 quod
1028 2889 1260 2956 Thalamania

314 2995 368 3052 est
389 2996 575 3069 vocatum;
607 2991 688 3053 inde
712 2990 867 3055 Murram
888 2991 1043 3067 veniens,
1070 2992 1115 3056 ad
1139 2993 1258 3055 urbem

313 3088 495 3152 Saracenis
517 3090 695 3172 repletam,
726 3090 897 3172 pugnavit
924 3097 1046 3156 contra
1069 3091 1174 3168 cives,
1198 3092 1259 3174 qui

312 3190 450 3253 obviam
478 3190 510 3253 ei
542 3210 620 3254 cum
651 3191 782 3272 impetu
815 3191 985 3267 exierunt,
1018 3192 1078 3273 qui
1099 3192 1260 3275 -primoa

313 3290 440 3354 nostris
464 3290 501 3353 in
521 3289 639 3372 fugam
663 3290 833 3372 compulsi
855 3291 892 3353 in
912 3289 1013 3353 finem
1029 3291 1206 3368 uicerunt,
1224 3298 1260 3356 et

311 3408 534 3471 magnamex
552 3390 710 3454 fidelibus
725 3397 877 3472 stragem
895 3388 1072 3454 dederunt.
1128 3432 1141 3443 ·.

313 3561 455 3655 Qualiter
474 3564 567 3651 Hupo
588 3585 729 3652 muyans,
752 3565 797 3629 ad
816 3566 1031 3650 imparatorau
1055 3567 1176 3644 mimus,
1201 3589 1262 3632 roo

641 3692 642 3696 ¹
682 3675 884 3729 atrabenus.

361 3786 448 3852 Cum
470 3787 545 3852 haec
564 3789 691 3852 ibidem
712 3797 910 3872 agerentur,
925 3784 1052 3872 ¹Hugo
1075 3810 1222 3873 magnus
1239 3811 1261 3855 a

253 3926 259 3934 ,
309 3887 524 3970 principibus
565 3889 607 3952 ad
642 3890 885 3972 imperatorem
919 3889 1084 3954 Alexium
1121 3892 1260 3970 missus,

331 4077 770 4146 'Hugomugrrua]‘llugomagnus,
793 4083 919 4132 viscerum
941 4084 1092 4134 tortionem!
1136 4087 1260 4137 Malmsb.

309 4166 431 4201 concessu
443 4157 471 4201 ut
484 4154 557 4202 aiunt
569 4154 683 4215 heroum,
692 4154 769 4202 Fran·
794 4151 807 4218 §
820 4157 876 4202 365.

309 4223 374 4272 ciam
392 4223 476 4286 rediit,
488 4229 608 4273 causatus
626 4224 770 4274 continuam
