2820 4882
389 421 529 470 riorus
553 422 823 473 msronmnuu.
1013 410 1079 472 345

126 581 242 663 quiin
265 581 330 645 bac
352 588 446 645 terra
468 581 568 645 nudis
591 581 736 664 pedibus
755 582 952 660 ambulasti,
968 590 1004 646 et
1017 597 1144 646 eosov
1106 597 1213 686 m0i¹⁷⁰

117 700 190 764 'pro
213 701 268 744 me
294 681 330 743 in
359 681 517 764 patibulo
547 680 657 745 clavis
688 673 848 763 transfigi
876 683 1075 764 permisisti,
1088 647 1200 738 sueone-

124 799 192 860 ego
206 780 373 862 deinceps
385 779 621 845 calceamenta
631 781 776 864 pedibus
792 801 864 845 non
881 781 1077 867 apponam?

126 879 264 944 Exacto
287 881 395 962 igitur
418 879 708 964 peregrinationis
731 883 865 959 voto,
855 903 891 945 m
911 881 1077 965 Angliam

123 980 317 1061 repedavit.

153 1151 245 1224 Quod
257 1149 359 1216 beatus
379 1151 531 1216 amatas
545 1151 634 1238 opotd
647 1150 801 1216 Fiaclub
818 1151 916 1217 locwa
930 1151 1054 1217 dabitu-

352 1252 457 1329 tioat's,
472 1252 537 1316 Deo
553 1251 736 1336 inspirante,
753 1252 851 1338 eupit.

189 1375 366 1440 Reversus
383 1383 500 1440 autem
517 1376 553 1440 in
569 1376 825 1460 aquilonalibus
842 1374 981 1459 Angliae
997 1397 1076 1460 par·

126 1475 221 1538 tibus
245 1476 358 1540 locum
383 1476 420 1540 in
441 1477 532 1541 silva
548 1476 683 1541 invenit
699 1484 869 1540 secretum
886 1476 1076 1542 Escbedale

125 1583 377 1658 nuncupatum,
406 1583 442 1641 et
465 1575 557 1640 bunc
578 1577 644 1641 sibi
669 1585 865 1658 competere
882 1577 1075 1661 judicabat.

126 1673 199 1738 Hic
226 1675 269 1738 de
291 1676 396 1758 lignis
431 1676 587 1740 casulam
609 1677 805 1742 construxit
827 1683 863 1740 et
888 1679 1076 1760 cespitibus

125 1793 204 1837 eam
226 1776 328 1853 texit,
350 1776 468 1859 ibique
490 1794 701 1858 perannum
729 1782 764 1841 et
784 1795 919 1841 menses
945 1777 1077 1859 aliquot

125 1873 317 1956 habitavit;
341 1876 414 1952 sed,
428 1894 506 1939 cum
523 1875 570 1939 ibi
586 1896 608 1939 a
624 1875 772 1940 dominis
786 1875 884 1941 fundi
899 1877 1077 1941 molestias

10 1991 13 1999 ’
124 1976 360 2052 sustinnisset,
375 1974 534 2041 discessit
551 1982 587 2039 et
603 1975 812 2040 Dunelmum
830 1976 1000 2059 pervenit,
1017 1978 1076 2040 nbi

126 2075 330 2158 psalterium
356 2095 402 2140 ex
431 2075 568 2156 integro
593 2075 728 2139 discens
753 2081 889 2140 tantum
913 2075 951 2139 in
980 2077 1077 2140 brevi

126 2174 287 2257 profecit,
303 2175 395 2257 quod
411 2175 449 2239 in
468 2175 624 2258 psalmia,
646 2175 784 2259 hymnis
806 2183 841 2241 et
860 2175 1076 2240 orationibus

126 2275 283 2338 eruditus
311 2283 376 2353 est,
412 2281 580 2357 quantum
609 2275 676 2340 sibi
702 2274 857 2339 sufficere
881 2275 1074 2340 videbatur.

127 2374 244 2456 Igitur
258 2374 377 2439 divina
390 2375 624 2440 admonitione
648 2376 836 2458 inspiratus
853 2375 909 2439 die
925 2374 1075 2458 quodam

127 2475 173 2538 ad
197 2475 349 2540 vicinum
372 2494 492 2539 nemus
515 2476 696 2558 prooessit,
720 2477 778 2539 ubi
801 2476 935 2542 audivit
956 2483 1075 2558 pasto·

126 2594 200 2638 rem
230 2576 403 2657 quendam
436 2576 532 2640 socio
568 2576 618 2639 sic
651 2576 834 2654 dicentem,
857 2576 1011 2640 ‘Eamus
1038 2577 1074 2640 in

127 2674 305 2752 Finchale,
322 2695 446 2758 greges
461 2675 660 2758 adaquare.'
712 2676 802 2740 Haec
819 2676 961 2740 audiens
977 2675 1073 2740 God-

124 2774 217 2839 ricus
250 2775 347 2839 dedit
373 2777 405 2839 ei
435 2773 547 2840 solum
579 2794 681 2856 quem
712 2776 832 2841 babuit
858 2777 1010 2853 obolum,
1035 2786 1076 2841 ut

124 2875 223 2940 illum
241 2875 383 2940 duceret
399 2875 444 2939 ad
468 2875 559 2939 hunc
581 2875 716 2955 looum;
741 2877 798 2939 ubi
817 2876 859 2940 ad
877 2876 1075 2940 interiorem

125 2975 225 3040 silvae
243 2975 450 3040 densitatem
472 2975 697 3057 progrediens
716 2976 865 3039 occurrit
882 2974 965 3055 lupo
979 2976 1075 3040 mirae

127 3074 377 3156 magnitudinis
400 3075 571 3151 saevienti,
598 3075 714 3157 quiin
736 3075 833 3137 illum
855 3074 955 3138 irruit
978 3093 1019 3137 ao
1043 3077 1075 3138 si

125 3174 231 3239 vellet
253 3174 421 3239 dilaniare
440 3174 632 3254 frustatim
654 3175 827 3238 intellexit
849 3181 965 3236 antem
980 3173 1076 3237 God-

126 3275 219 3338 ricus
236 3276 424 3338 versutiam
442 3274 515 3338 fore
536 3274 645 3337 hostis
668 3275 813 3356 antiqui,
832 3273 899 3356 [et]
916 3275 1027 3337 crucis
1043 3276 1076 3338 ei

126 3373 290 3456 opposuit
317 3375 456 3456 signum
483 3375 612 3450 dicens,
635 3373 793 3457 ‘Adjuro
815 3380 851 3436 te
877 3373 914 3436 in
939 3375 1076 3439 nomine

126 3482 258 3539 sanctae
275 3472 472 3552 Trinitatis,
494 3481 533 3538 ut
554 3473 758 3537 festinanter
775 3472 926 3549 recedas,
942 3474 972 3538 si
989 3494 1074 3538 meae

125 3575 305 3638 servitutis
321 3575 536 3657 obsequium,
553 3572 646 3655 quod
666 3573 703 3636 in
726 3572 792 3637 boc
815 3573 892 3636 loco
913 3573 1075 3638 exhibere

127 3673 277 3737 Domino
304 3673 482 3756 proposui,
506 3673 553 3736 sit
577 3679 758 3755 acceptum
771 3672 792 3752 ;’
826 3679 874 3748 et,
890 3672 944 3735 bis
961 3673 1075 3751 dictis,

126 3774 200 3838 fera
221 3792 260 3836 se
280 3773 397 3856 impiis
420 3773 566 3856 pedibus
593 3772 794 3856 prostravit,
820 3771 920 3854 quasi
940 3773 1076 3838 veniam

126 3880 339 3957 precaretur.
