<?xml version="1.0" encoding="UTF-8"?>
<!DOCTYPE html PUBLIC "-//W3C//DTD XHTML 1.0 Transitional//EN"
    "http://www.w3.org/TR/xhtml1/DTD/xhtml1-transitional.dtd">
<html xmlns="http://www.w3.org/1999/xhtml" xml:lang="en" lang="en">
 <head>
  <title>
</title>
<meta http-equiv="Content-Type" content="text/html;charset=utf-8" />
  <meta name='ocr-system' content='tesseract 3.04.00' />
  <meta name='ocr-capabilities' content='ocr_page ocr_carea ocr_par ocr_line ocrx_word'/>
</head>
<body>
  <div class='ocr_page' id='page_1' title='image "./rogeridewendove01rogegoog_0427.png"; bbox 0 0 2820 4882; ppageno 0'>
   <div class='ocr_carea' id='block_1_1' title="bbox 181 586 305 626">
    <p class='ocr_par' dir='ltr' id='par_1_1' title="bbox 181 586 305 626">
     <span class='ocr_line' id='line_1_1' title="bbox 181 586 305 626; baseline 0 0"><span class='ocrx_word' id='word_1_1' title='bbox 181 586 236 626; x_wconf 74' lang='lat' dir='ltr'>AD.</span> <span class='ocrx_word' id='word_1_2' title='bbox 249 586 305 626; x_wconf 74' lang='lat'>1184.</span> 
     </span>
    </p>
   </div>
   <div class='ocr_carea' id='block_1_2' title="bbox 180 1386 315 1636">
    <p class='ocr_par' dir='ltr' id='par_1_2' title="bbox 180 1386 315 1636">
     <span class='ocr_line' id='line_1_2' title="bbox 181 1386 304 1426; baseline -0.008 0"><span class='ocrx_word' id='word_1_3' title='bbox 181 1386 230 1426; x_wconf 72' lang='grc' dir='ltr'>Μ)</span> <span class='ocrx_word' id='word_1_4' title='bbox 250 1388 304 1426; x_wconf 80' lang='lat'>1185.</span> 
     </span>
     <span class='ocr_line' id='line_1_3' title="bbox 181 1437 284 1485; baseline 0.01 -10"><span class='ocrx_word' id='word_1_5' title='bbox 181 1437 284 1485; x_wconf 78' lang='lat' dir='ltr'>Embussy</span> 
     </span>
     <span class='ocr_line' id='line_1_4' title="bbox 180 1486 315 1527; baseline 0.015 -2"><span class='ocrx_word' id='word_1_6' title='bbox 180 1486 234 1525; x_wconf 73' lang='lat' dir='ltr'>hom</span> <span class='ocrx_word' id='word_1_7' title='bbox 245 1487 315 1527; x_wconf 78' lang='lat' dir='ltr'>Pales·</span> 
     </span>
     <span class='ocr_line' id='line_1_5' title="bbox 180 1537 256 1576; baseline 0.026 -2"><span class='ocrx_word' id='word_1_8' title='bbox 180 1537 225 1575; x_wconf 81' lang='lat' dir='ltr'>tine</span> <span class='ocrx_word' id='word_1_9' title='bbox 234 1540 256 1576; x_wconf 93' lang='lat' dir='ltr'>to</span> 
     </span>
     <span class='ocr_line' id='line_1_6' title="bbox 181 1587 263 1636; baseline 0.012 -10"><span class='ocrx_word' id='word_1_10' title='bbox 181 1587 263 1636; x_wconf 79' lang='lat' dir='ltr'>Henry.</span> 
     </span>
    </p>
   </div>
   <div class='ocr_carea' id='block_1_3' title="bbox 343 393 1040 458">
    <p class='ocr_par' dir='ltr' id='par_1_3' title="bbox 343 393 1040 458">
     <span class='ocr_line' id='line_1_7' title="bbox 343 393 1040 458; baseline -0.003 -1"><span class='ocrx_word' id='word_1_11' title='bbox 343 393 413 458; x_wconf 84' lang='grc'>416</span> <span class='ocrx_word' id='word_1_12' title='bbox 602 409 737 457; x_wconf 78' lang='lat' dir='ltr'>uocum</span> <span class='ocrx_word' id='word_1_13' title='bbox 762 409 810 455; x_wconf 81' lang='lat' dir='ltr'>nn</span> <span class='ocrx_word' id='word_1_14' title='bbox 832 407 1040 457; x_wconf 78' lang='lat' dir='ltr'>wunnovna</span> 
     </span>
    </p>
   </div>
   <div class='ocr_carea' id='block_1_4' title="bbox 342 563 1296 1052">
    <p class='ocr_par' dir='ltr' id='par_1_4' title="bbox 342 563 1296 1052">
     <span class='ocr_line' id='line_1_8' title="bbox 344 563 1296 654; baseline -0.005 -18"><span class='ocrx_word' id='word_1_15' title='bbox 344 563 544 636; x_wconf 89' lang='lat' dir='ltr'>Heraclius¹</span> <span class='ocrx_word' id='word_1_16' title='bbox 564 571 762 654; x_wconf 89' lang='lat' dir='ltr'>patriarcha</span> <span class='ocrx_word' id='word_1_17' title='bbox 778 569 927 634; x_wconf 90' lang='lat' dir='ltr'>officinm</span> <span class='ocrx_word' id='word_1_18' title='bbox 944 569 1129 650; x_wconf 80' lang='lat' dir='ltr'>legationis</span> <span class='ocrx_word' id='word_1_19' title='bbox 1150 575 1296 649; x_wconf 83' lang='lat' dir='ltr'>rogatus</span> 
     </span>
     <span class='ocr_line' id='line_1_9' title="bbox 343 669 1296 754; baseline -0.006 -18"><span class='ocrx_word' id='word_1_20' title='bbox 343 673 508 754; x_wconf 85' lang='lat' dir='ltr'>suscepit,</span> <span class='ocrx_word' id='word_1_21' title='bbox 525 673 596 753; x_wconf 91' lang='lat' dir='ltr'>qui,</span> <span class='ocrx_word' id='word_1_22' title='bbox 613 671 778 754; x_wconf 88' lang='lat' dir='ltr'>adjuncto</span> <span class='ocrx_word' id='word_1_23' title='bbox 794 671 860 733; x_wconf 92' lang='lat' dir='ltr'>sihi</span> <span class='ocrx_word' id='word_1_24' title='bbox 874 670 1042 750; x_wconf 84' lang='lat' dir='ltr'>magistro</span> <span class='ocrx_word' id='word_1_25' title='bbox 1060 669 1243 751; x_wconf 89' lang='lat' dir='ltr'>hospitalis</span> <span class='ocrx_word' id='word_1_26' title='bbox 1259 675 1296 731; x_wconf 86' lang='lat' dir='ltr'>et</span> 
     </span>
     <span class='ocr_line' id='line_1_10' title="bbox 342 768 1296 854; baseline -0.004 -19"><span class='ocrx_word' id='word_1_27' title='bbox 342 770 549 854; x_wconf 89' lang='lat' dir='ltr'>quibusdam</span> <span class='ocrx_word' id='word_1_28' title='bbox 575 772 665 847; x_wconf 89' lang='lat' dir='ltr'>aliis,</span> <span class='ocrx_word' id='word_1_29' title='bbox 684 770 977 833; x_wconf 85' lang='lat' dir='ltr'>Mediterraneum</span> <span class='ocrx_word' id='word_1_30' title='bbox 999 788 1094 832; x_wconf 90' lang='lat' dir='ltr'>mare</span> <span class='ocrx_word' id='word_1_31' title='bbox 1118 768 1296 844; x_wconf 84' lang='lat' dir='ltr'>transivit,</span> 
     </span>
     <span class='ocr_line' id='line_1_11' title="bbox 342 867 1296 952; baseline -0.004 -18"><span class='ocrx_word' id='word_1_32' title='bbox 342 880 377 934; x_wconf 92' lang='lat' dir='ltr'>et</span> <span class='ocrx_word' id='word_1_33' title='bbox 405 871 554 935; x_wconf 85' lang='lat' dir='ltr'><strong>Romam</strong></span> <span class='ocrx_word' id='word_1_34' title='bbox 575 889 686 952; x_wconf 89' lang='lat' dir='ltr'>usque</span> <span class='ocrx_word' id='word_1_35' title='bbox 712 870 918 952; x_wconf 85' lang='lat' dir='ltr'>perveniens</span> <span class='ocrx_word' id='word_1_36' title='bbox 946 868 991 932; x_wconf 87' lang='lat' dir='ltr'>ad</span> <span class='ocrx_word' id='word_1_37' title='bbox 1017 888 1132 950; x_wconf 84' lang='lat' dir='ltr'>regem</span> <span class='ocrx_word' id='word_1_38' title='bbox 1159 867 1296 948; x_wconf 86' lang='lat' dir='ltr'>Anglo·</span> 
     </span>
     <span class='ocr_line' id='line_1_12' title="bbox 342 968 1279 1052; baseline -0.001 -19"><span class='ocrx_word' id='word_1_39' title='bbox 342 991 418 1035; x_wconf 87' lang='lat' dir='ltr'>rum</span> <span class='ocrx_word' id='word_1_40' title='bbox 434 971 553 1037; x_wconf 84' lang='lat' dir='ltr'>literas</span> <span class='ocrx_word' id='word_1_41' title='bbox 570 989 591 1034; x_wconf 89' lang='lat' dir='ltr'>a</span> <span class='ocrx_word' id='word_1_42' title='bbox 607 989 700 1052; x_wconf 87' lang='lat' dir='ltr'>papa</span> <span class='ocrx_word' id='word_1_43' title='bbox 716 969 824 1033; x_wconf 87' lang='lat' dir='ltr'>Lucio</span> <span class='ocrx_word' id='word_1_44' title='bbox 838 968 1051 1051; x_wconf 81' lang='lat' dir='ltr'>precatorias</span> <span class='ocrx_word' id='word_1_45' title='bbox 1068 969 1279 1050; x_wconf 84' lang='lat' dir='ltr'>impetravit.</span> 
     </span>
    </p>
   </div>
   <div class='ocr_carea' id='block_1_5' title="bbox 341 1140 1297 2450">
    <p class='ocr_par' dir='ltr' id='par_1_5' title="bbox 370 1140 1274 1327">
     <span class='ocr_line' id='line_1_13' title="bbox 370 1140 1274 1233; baseline -0.004 -25"><span class='ocrx_word' id='word_1_46' title='bbox 370 1144 458 1226; x_wconf 75' lang='lat' dir='ltr'>Quod</span> <span class='ocrx_word' id='word_1_47' title='bbox 468 1143 636 1233; x_wconf 75' lang='lat' dir='ltr'>Heraclius</span> <span class='ocrx_word' id='word_1_48' title='bbox 645 1142 837 1229; x_wconf 76' lang='lat' dir='ltr'>patriarcha</span> <span class='ocrx_word' id='word_1_49' title='bbox 850 1143 885 1207; x_wconf 78' lang='lat' dir='ltr'>in</span> <span class='ocrx_word' id='word_1_50' title='bbox 901 1140 1054 1228; x_wconf 65' lang='lat' dir='ltr'>Apuliam</span> <span class='ocrx_word' id='word_1_51' title='bbox 1071 1141 1191 1206; x_wconf 79' lang='lat' dir='ltr'>ueniens</span> <span class='ocrx_word' id='word_1_52' title='bbox 1207 1141 1274 1231; x_wconf 67' lang='lat' dir='ltr'>rapi</span> 
     </span>
     <span class='ocr_line' id='line_1_14' title="bbox 517 1240 1117 1327; baseline -0.003 -19"><span class='ocrx_word' id='word_1_53' title='bbox 517 1243 687 1308; x_wconf 77' lang='lat' dir='ltr'>electionem</span> <span class='ocrx_word' id='word_1_54' title='bbox 701 1243 738 1307; x_wconf 77' lang='lat' dir='ltr'>de</span> <span class='ocrx_word' id='word_1_55' title='bbox 750 1264 780 1307; x_wconf 79' lang='lat' dir='ltr'>se</span> <span class='ocrx_word' id='word_1_56' title='bbox 788 1244 917 1327; x_wconf 82' lang='lat' dir='ltr'>foetam</span> <span class='ocrx_word' id='word_1_57' title='bbox 926 1240 1117 1327; x_wconf 77' lang='lat' dir='ltr'>publicavit.</span> 
     </span>
    </p>

    <p class='ocr_par' dir='ltr' id='par_1_6' title="bbox 341 1365 1297 2450">
     <span class='ocr_line' id='line_1_15' title="bbox 355 1365 1297 1449; baseline -0.001 -18"><span class='ocrx_word' id='word_1_58' title='bbox 355 1409 358 1413; x_wconf 66' lang='grc'><em>»</em></span> <span class='ocrx_word' id='word_1_59' title='bbox 394 1366 498 1431; x_wconf 90' lang='lat' dir='ltr'>Anno</span> <span class='ocrx_word' id='word_1_60' title='bbox 516 1366 657 1430; x_wconf 90' lang='lat' dir='ltr'>Domini</span> <span class='ocrx_word' id='word_1_61' title='bbox 672 1383 869 1430; x_wconf 71' lang='lat' dir='ltr'>mccxxxv.</span> <span class='ocrx_word' id='word_1_62' title='bbox 880 1365 1080 1445; x_wconf 76' lang='lat' dir='ltr'>HeracliuS,</span> <span class='ocrx_word' id='word_1_63' title='bbox 1095 1365 1297 1449; x_wconf 86' lang='lat' dir='ltr'>patriarcha</span> 
     </span>
     <span class='ocr_line' id='line_1_16' title="bbox 342 1466 1293 1547; baseline 0.001 -18"><span class='ocrx_word' id='word_1_64' title='bbox 342 1473 473 1530; x_wconf 90' lang='lat' dir='ltr'>sanctae</span> <span class='ocrx_word' id='word_1_65' title='bbox 498 1467 770 1542; x_wconf 88' lang='lat' dir='ltr'>resurrectionis,</span> <span class='ocrx_word' id='word_1_66' title='bbox 792 1476 828 1530; x_wconf 93' lang='lat' dir='ltr'>et</span> <span class='ocrx_word' id='word_1_67' title='bbox 851 1466 1008 1530; x_wconf 89' lang='lat' dir='ltr'>dominus</span> <span class='ocrx_word' id='word_1_68' title='bbox 1027 1467 1201 1547; x_wconf 87' lang='lat' dir='ltr'>Rogerus,</span> <span class='ocrx_word' id='word_1_69' title='bbox 1219 1485 1293 1530; x_wconf 89' lang='lat' dir='ltr'>ma·</span> 
     </span>
     <span class='ocr_line' id='line_1_17' title="bbox 342 1565 1293 1648; baseline 0.001 -19"><span class='ocrx_word' id='word_1_70' title='bbox 342 1567 450 1648; x_wconf 85' lang='lat' dir='ltr'>gister</span> <span class='ocrx_word' id='word_1_71' title='bbox 467 1566 649 1648; x_wconf 89' lang='lat' dir='ltr'>hospitalis</span> <span class='ocrx_word' id='word_1_72' title='bbox 665 1566 787 1629; x_wconf 90' lang='lat' dir='ltr'>domus</span> <span class='ocrx_word' id='word_1_73' title='bbox 808 1565 1042 1643; x_wconf 88' lang='lat' dir='ltr'>Hierusalem,</span> <span class='ocrx_word' id='word_1_74' title='bbox 1065 1572 1234 1630; x_wconf 88' lang='lat' dir='ltr'>venerunt</span> <span class='ocrx_word' id='word_1_75' title='bbox 1249 1565 1293 1630; x_wconf 89' lang='lat' dir='ltr'>ad</span> 
     </span>
     <span class='ocr_line' id='line_1_18' title="bbox 341 1664 1292 1748; baseline -0.003 -18"><span class='ocrx_word' id='word_1_76' title='bbox 341 1686 457 1747; x_wconf 81' lang='lat' dir='ltr'>regem</span> <span class='ocrx_word' id='word_1_77' title='bbox 477 1664 617 1747; x_wconf 80' lang='lat' dir='ltr'>Angliae</span> <span class='ocrx_word' id='word_1_78' title='bbox 640 1666 833 1730; x_wconf 90' lang='lat' dir='ltr'>Henricum</span> <span class='ocrx_word' id='word_1_79' title='bbox 857 1666 949 1748; x_wconf 91' lang='lat' dir='ltr'>apud</span> <span class='ocrx_word' id='word_1_80' title='bbox 975 1665 1194 1747; x_wconf 84' lang='lat' dir='ltr'>Redingum3</span> <span class='ocrx_word' id='word_1_81' title='bbox 1218 1667 1292 1747; x_wconf 92' lang='lat' dir='ltr'>qui,</span> 
     </span>
     <span class='ocr_line' id='line_1_19' title="bbox 341 1764 1291 1848; baseline -0.001 -19"><span class='ocrx_word' id='word_1_82' title='bbox 341 1785 419 1829; x_wconf 89' lang='lat' dir='ltr'>curn</span> <span class='ocrx_word' id='word_1_83' title='bbox 451 1764 505 1828; x_wconf 89' lang='lat' dir='ltr'>sui</span> <span class='ocrx_word' id='word_1_84' title='bbox 532 1764 666 1829; x_wconf 90' lang='lat' dir='ltr'>itineris</span> <span class='ocrx_word' id='word_1_85' title='bbox 697 1785 821 1830; x_wconf 88' lang='lat' dir='ltr'>causas</span> <span class='ocrx_word' id='word_1_86' title='bbox 847 1786 926 1830; x_wconf 91' lang='lat' dir='ltr'>cum</span> <span class='ocrx_word' id='word_1_87' title='bbox 952 1764 1062 1829; x_wconf 88' lang='lat' dir='ltr'>literis</span> <span class='ocrx_word' id='word_1_88' title='bbox 1089 1765 1291 1848; x_wconf 85' lang='lat' dir='ltr'>apostolicis</span> 
     </span>
     <span class='ocr_line' id='line_1_20' title="bbox 341 1865 1293 1947; baseline 0 -18"><span class='ocrx_word' id='word_1_89' title='bbox 341 1867 596 1947; x_wconf 88' lang='lat' dir='ltr'>exposuissent,</span> <span class='ocrx_word' id='word_1_90' title='bbox 633 1873 764 1930; x_wconf 86' lang='lat' dir='ltr'>sanctae</span> <span class='ocrx_word' id='word_1_91' title='bbox 805 1865 957 1931; x_wconf 82' lang='lat' dir='ltr'>civitatis</span> <span class='ocrx_word' id='word_1_92' title='bbox 1000 1865 1223 1929; x_wconf 88' lang='lat' dir='ltr'>Hierusalem</span> <span class='ocrx_word' id='word_1_93' title='bbox 1257 1873 1293 1929; x_wconf 91' lang='lat' dir='ltr'>ct</span> 
     </span>
     <span class='ocr_line' id='line_1_21' title="bbox 341 1965 1293 2048; baseline -0.001 -19"><span class='ocrx_word' id='word_1_94' title='bbox 341 1972 442 2029; x_wconf 85' lang='lat' dir='ltr'>terrae</span> <span class='ocrx_word' id='word_1_95' title='bbox 475 1965 713 2048; x_wconf 89' lang='lat' dir='ltr'>promissionis</span> <span class='ocrx_word' id='word_1_96' title='bbox 749 1965 998 2029; x_wconf 89' lang='lat' dir='ltr'>desolationem</span> <span class='ocrx_word' id='word_1_97' title='bbox 1038 1986 1099 2048; x_wconf 86' lang='lat' dir='ltr'>per</span> <span class='ocrx_word' id='word_1_98' title='bbox 1137 1965 1293 2029; x_wconf 90' lang='lat' dir='ltr'>ordinem</span> 
     </span>
     <span class='ocr_line' id='line_1_22' title="bbox 341 2065 1291 2147; baseline 0 -19"><span class='ocrx_word' id='word_1_99' title='bbox 341 2072 574 2142; x_wconf 88' lang='lat' dir='ltr'>enarrassent,</span> <span class='ocrx_word' id='word_1_100' title='bbox 588 2085 704 2147; x_wconf 81' lang='lat' dir='ltr'>regem</span> <span class='ocrx_word' id='word_1_101' title='bbox 720 2072 755 2130; x_wconf 92' lang='lat' dir='ltr'>et</span> <span class='ocrx_word' id='word_1_102' title='bbox 771 2084 904 2129; x_wconf 90' lang='lat' dir='ltr'>omnem</span> <span class='ocrx_word' id='word_1_103' title='bbox 927 2065 1197 2142; x_wconf 84' lang='lat' dir='ltr'>multitudinem,</span> <span class='ocrx_word' id='word_1_104' title='bbox 1212 2085 1291 2147; x_wconf 84' lang='lat' dir='ltr'>quae</span> 
     </span>
     <span class='ocr_line' id='line_1_23' title="bbox 341 2164 1293 2248; baseline 0.001 -20"><span class='ocrx_word' id='word_1_105' title='bbox 341 2171 563 2241; x_wconf 87' lang='lat' dir='ltr'>convenerat,</span> <span class='ocrx_word' id='word_1_106' title='bbox 588 2165 624 2228; x_wconf 93' lang='lat' dir='ltr'>in</span> <span class='ocrx_word' id='word_1_107' title='bbox 653 2164 848 2248; x_wconf 86' lang='lat' dir='ltr'>lachrymas</span> <span class='ocrx_word' id='word_1_108' title='bbox 879 2171 915 2228; x_wconf 93' lang='lat' dir='ltr'>et</span> <span class='ocrx_word' id='word_1_109' title='bbox 944 2164 1093 2247; x_wconf 90' lang='lat' dir='ltr'>suspiria</span> <span class='ocrx_word' id='word_1_110' title='bbox 1121 2185 1293 2247; x_wconf 82' lang='lat' dir='ltr'>provoca-</span> 
     </span>
     <span class='ocr_line' id='line_1_24' title="bbox 341 2264 1293 2346; baseline 0.001 -19"><span class='ocrx_word' id='word_1_111' title='bbox 341 2272 445 2344; x_wconf 91' lang='lat' dir='ltr'>runt;</span> <span class='ocrx_word' id='word_1_112' title='bbox 484 2264 684 2329; x_wconf 84' lang='lat' dir='ltr'>deserebant</span> <span class='ocrx_word' id='word_1_113' title='bbox 716 2265 807 2328; x_wconf 90' lang='lat' dir='ltr'>enim</span> <span class='ocrx_word' id='word_1_114' title='bbox 833 2265 878 2329; x_wconf 90' lang='lat' dir='ltr'>ad</span> <span class='ocrx_word' id='word_1_115' title='bbox 912 2285 1028 2346; x_wconf 80' lang='lat' dir='ltr'>regem</span> <span class='ocrx_word' id='word_1_116' title='bbox 1056 2266 1293 2329; x_wconf 89' lang='lat' dir='ltr'>memorabilia</span> 
     </span>
     <span class='ocr_line' id='line_1_25' title="bbox 341 2363 1291 2450; baseline 0.002 -24"><span class='ocrx_word' id='word_1_117' title='bbox 341 2383 415 2426; x_wconf 89' lang='lat' dir='ltr'>suae</span> <span class='ocrx_word' id='word_1_118' title='bbox 447 2364 625 2447; x_wconf 89' lang='lat' dir='ltr'>petitionis</span> <span class='ocrx_word' id='word_1_119' title='bbox 656 2365 769 2446; x_wconf 83' lang='lat' dir='ltr'>signa,</span> <span class='ocrx_word' id='word_1_120' title='bbox 793 2365 996 2450; x_wconf 15' lang='lat' dir='ltr'>&#39;nativitatis</span> <span class='ocrx_word' id='word_1_121' title='bbox 1026 2364 1114 2448; x_wconf 85' lang='lat' dir='ltr'>Jesu</span> <span class='ocrx_word' id='word_1_122' title='bbox 1147 2363 1291 2448; x_wconf 87' lang='lat' dir='ltr'>Christi,</span> 
     </span>
    </p>
   </div>
   <div class='ocr_carea' id='block_1_6' title="bbox 324 2463 1292 2547">
    <p class='ocr_par' dir='ltr' id='par_1_7' title="bbox 324 2463 1292 2547">
     <span class='ocr_line' id='line_1_26' title="bbox 324 2463 1292 2547; baseline 0.002 -21"><span class='ocrx_word' id='word_1_123' title='bbox 324 2463 525 2546; x_wconf 86' lang='lat' dir='ltr'>passionis,</span> <span class='ocrx_word' id='word_1_124' title='bbox 547 2464 819 2543; x_wconf 88' lang='lat' dir='ltr'>resurrectionis,</span> <span class='ocrx_word' id='word_1_125' title='bbox 836 2464 941 2527; x_wconf 90' lang='lat' dir='ltr'>turris</span> <span class='ocrx_word' id='word_1_126' title='bbox 959 2464 1086 2541; x_wconf 89' lang='lat' dir='ltr'>David,</span> <span class='ocrx_word' id='word_1_127' title='bbox 1110 2465 1292 2547; x_wconf 89' lang='lat' dir='ltr'>sanctique</span> 
     </span>
    </p>
   </div>
   <div class='ocr_carea' id='block_1_7' title="bbox 237 2562 1291 2646">
    <p class='ocr_par' dir='ltr' id='par_1_8' title="bbox 237 2562 1291 2646">
     <span class='ocr_line' id='line_1_27' title="bbox 237 2562 1291 2646; baseline 0.005 -23"><span class='ocrx_word' id='word_1_128' title='bbox 237 2598 239 2602; x_wconf 29' lang='grc' dir='ltr'><strong><em>ι</em></strong></span> <span class='ocrx_word' id='word_1_129' title='bbox 342 2562 516 2644; x_wconf 87' lang='lat' dir='ltr'>sepulchri</span> <span class='ocrx_word' id='word_1_130' title='bbox 541 2562 656 2628; x_wconf 88' lang='lat' dir='ltr'>claves</span> <span class='ocrx_word' id='word_1_131' title='bbox 682 2571 717 2628; x_wconf 89' lang='lat' dir='ltr'>et</span> <span class='ocrx_word' id='word_1_132' title='bbox 740 2563 906 2628; x_wconf 88' lang='lat' dir='ltr'>vexillum</span> <span class='ocrx_word' id='word_1_133' title='bbox 933 2564 1043 2645; x_wconf 80' lang='lat' dir='ltr'>regni,</span> <span class='ocrx_word' id='word_1_134' title='bbox 1069 2583 1149 2646; x_wconf 86' lang='lat' dir='ltr'>quae</span> <span class='ocrx_word' id='word_1_135' title='bbox 1175 2565 1291 2628; x_wconf 87' lang='lat' dir='ltr'>omnia</span> 
     </span>
    </p>
   </div>
   <div class='ocr_carea' id='block_1_8' title="bbox 177 3078 288 3228">
    <p class='ocr_par' dir='ltr' id='par_1_9' title="bbox 177 3078 288 3228">
     <span class='ocr_line' id='line_1_28' title="bbox 179 3078 282 3118; baseline 0.019 -2"><span class='ocrx_word' id='word_1_136' title='bbox 179 3078 250 3117; x_wconf 83' lang='lat' dir='ltr'>Letter</span> <span class='ocrx_word' id='word_1_137' title='bbox 259 3079 282 3118; x_wconf 91' lang='lat' dir='ltr'>ol</span> 
     </span>
     <span class='ocr_line' id='line_1_29' title="bbox 178 3128 288 3168; baseline 0.018 -2"><span class='ocrx_word' id='word_1_138' title='bbox 178 3128 257 3167; x_wconf 83' lang='lat' dir='ltr'>Lucius</span> <span class='ocrx_word' id='word_1_139' title='bbox 267 3133 288 3168; x_wconf 88' lang='lat' dir='ltr'>to</span> 
     </span>
     <span class='ocr_line' id='line_1_30' title="bbox 177 3177 257 3228; baseline 0 -12"><span class='ocrx_word' id='word_1_140' title='bbox 177 3177 257 3228; x_wconf 77' lang='lat' dir='ltr'>fleury.</span> 
     </span>
    </p>
   </div>
   <div class='ocr_carea' id='block_1_9' title="bbox 341 2662 1291 2846">
    <p class='ocr_par' dir='ltr' id='par_1_10' title="bbox 341 2662 1291 2846">
     <span class='ocr_line' id='line_1_31' title="bbox 342 2662 1291 2728; baseline 0.005 -5"><span class='ocrx_word' id='word_1_141' title='bbox 342 2681 405 2724; x_wconf 85' lang='lat' dir='ltr'>rex</span> <span class='ocrx_word' id='word_1_142' title='bbox 422 2682 492 2725; x_wconf 91' lang='lat' dir='ltr'>non</span> <span class='ocrx_word' id='word_1_143' title='bbox 506 2663 723 2727; x_wconf 87' lang='lat' dir='ltr'>mediocriter</span> <span class='ocrx_word' id='word_1_144' title='bbox 739 2662 933 2726; x_wconf 87' lang='lat' dir='ltr'>honoravit.</span> <span class='ocrx_word' id='word_1_145' title='bbox 988 2663 1114 2728; x_wconf 87' lang='lat' dir='ltr'>Literae</span> <span class='ocrx_word' id='word_1_146' title='bbox 1129 2683 1212 2728; x_wconf 83' lang='lat' dir='ltr'>vero</span> <span class='ocrx_word' id='word_1_147' title='bbox 1229 2664 1291 2728; x_wconf 91' lang='lat' dir='ltr'>do-</span> 
     </span>
     <span class='ocr_line' id='line_1_32' title="bbox 341 2761 1138 2846; baseline 0.003 -22"><span class='ocrx_word' id='word_1_148' title='bbox 341 2761 425 2824; x_wconf 89' lang='lat' dir='ltr'>mini</span> <span class='ocrx_word' id='word_1_149' title='bbox 439 2781 540 2846; x_wconf 87' lang='lat' dir='ltr'>papae</span> <span class='ocrx_word' id='word_1_150' title='bbox 557 2763 631 2826; x_wconf 87' lang='lat' dir='ltr'>haec</span> <span class='ocrx_word' id='word_1_151' title='bbox 647 2763 738 2826; x_wconf 89' lang='lat' dir='ltr'>inter</span> <span class='ocrx_word' id='word_1_152' title='bbox 754 2770 881 2827; x_wconf 85' lang='lat' dir='ltr'>caetera</span> <span class='ocrx_word' id='word_1_153' title='bbox 896 2762 1138 2845; x_wconf 89' lang='lat' dir='ltr'>continebant;</span> 
     </span>
    </p>
   </div>
   <div class='ocr_carea' id='block_1_10' title="bbox 449 2937 1179 3033">
    <p class='ocr_par' dir='ltr' id='par_1_11' title="bbox 449 2902 1179 3033">
     <span class='ocr_line' id='line_1_33' title="bbox 449 2937 1179 3033; baseline -0.003 -31"><span class='ocrx_word' id='word_1_154' title='bbox 449 2938 594 3033; x_wconf 80' lang='lat' dir='ltr'>Epistola</span> <span class='ocrx_word' id='word_1_155' title='bbox 609 2938 705 3004; x_wconf 82' lang='lat' dir='ltr'>Lucii</span> <span class='ocrx_word' id='word_1_156' title='bbox 713 2960 809 3024; x_wconf 73' lang='lat' dir='ltr'>popa</span> <span class='ocrx_word' id='word_1_157' title='bbox 822 2938 867 3002; x_wconf 83' lang='lat' dir='ltr'>ud</span> <span class='ocrx_word' id='word_1_158' title='bbox 881 2960 977 3025; x_wconf 75' lang='lat' dir='ltr'>repam</span> <span class='ocrx_word' id='word_1_159' title='bbox 990 2937 1179 3025; x_wconf 70' lang='lat' dir='ltr'>duplorum.</span> 
     </span>
    </p>
   </div>
   <div class='ocr_carea' id='block_1_11' title="bbox 338 3056 1296 3744">
    <p class='ocr_par' dir='ltr' id='par_1_12' title="bbox 338 3056 1296 3744">
     <span class='ocr_line' id='line_1_34' title="bbox 391 3056 1296 3146; baseline -0.004 -20"><span class='ocrx_word' id='word_1_160' title='bbox 391 3068 401 3103; x_wconf 79' lang='lat'><em>⁶</em></span> <span class='ocrx_word' id='word_1_161' title='bbox 413 3056 560 3126; x_wconf 81' lang='lat' dir='ltr'>Lucius²</span> <span class='ocrx_word' id='word_1_162' title='bbox 580 3063 775 3146; x_wconf 61' lang='lat' dir='ltr'>episeopus</span> <span class='ocrx_word' id='word_1_163' title='bbox 799 3081 920 3127; x_wconf 87' lang='lat' dir='ltr'>servus</span> <span class='ocrx_word' id='word_1_164' title='bbox 947 3082 1125 3127; x_wconf 89' lang='lat' dir='ltr'>servorum</span> <span class='ocrx_word' id='word_1_165' title='bbox 1149 3061 1228 3135; x_wconf 90' lang='lat' dir='ltr'>Dei,</span> <span class='ocrx_word' id='word_1_166' title='bbox 1255 3067 1296 3122; x_wconf 89' lang='lat' dir='ltr'>et&#39;</span> 
     </span>
     <span class='ocr_line' id='line_1_35' title="bbox 340 3162 1292 3245; baseline -0.002 -20"><span class='ocrx_word' id='word_1_167' title='bbox 340 3168 477 3226; x_wconf 85' lang='lat' dir='ltr'>caetera.</span> <span class='ocrx_word' id='word_1_168' title='bbox 530 3162 618 3226; x_wconf 87' lang='lat' dir='ltr'>Cum</span> <span class='ocrx_word' id='word_1_169' title='bbox 636 3164 752 3226; x_wconf 90' lang='lat' dir='ltr'>cuncti</span> <span class='ocrx_word' id='word_1_170' title='bbox 765 3162 1036 3245; x_wconf 87' lang='lat' dir='ltr'>praedecessores</span> <span class='ocrx_word' id='word_1_171' title='bbox 1055 3162 1105 3226; x_wconf 89' lang='lat' dir='ltr'>tui</span> <span class='ocrx_word' id='word_1_172' title='bbox 1128 3179 1201 3244; x_wconf 87' lang='lat' dir='ltr'>prae</span> <span class='ocrx_word' id='word_1_173' title='bbox 1223 3178 1292 3224; x_wconf 83' lang='lat' dir='ltr'>cae-</span> 
     </span>
     <span class='ocr_line' id='line_1_36' title="bbox 341 3259 1290 3345; baseline -0.005 -20"><span class='ocrx_word' id='word_1_174' title='bbox 341 3263 424 3326; x_wconf 88' lang='lat' dir='ltr'>teris</span> <span class='ocrx_word' id='word_1_175' title='bbox 448 3270 549 3326; x_wconf 89' lang='lat' dir='ltr'>terrae</span> <span class='ocrx_word' id='word_1_176' title='bbox 569 3264 781 3345; x_wconf 90' lang='lat' dir='ltr'>principibus</span> <span class='ocrx_word' id='word_1_177' title='bbox 807 3282 981 3326; x_wconf 89' lang='lat' dir='ltr'>armorum</span> <span class='ocrx_word' id='word_1_178' title='bbox 1006 3261 1116 3343; x_wconf 85' lang='lat' dir='ltr'>gloria</span> <span class='ocrx_word' id='word_1_179' title='bbox 1132 3268 1167 3324; x_wconf 92' lang='lat' dir='ltr'>et</span> <span class='ocrx_word' id='word_1_180' title='bbox 1182 3259 1290 3323; x_wconf 89' lang='lat' dir='ltr'>animi</span> 
     </span>
     <span class='ocr_line' id='line_1_37' title="bbox 340 3359 1289 3443; baseline -0.004 -18"><span class='ocrx_word' id='word_1_181' title='bbox 340 3362 520 3426; x_wconf 90' lang='lat' dir='ltr'>nobilitate</span> <span class='ocrx_word' id='word_1_182' title='bbox 547 3361 651 3443; x_wconf 85' lang='lat' dir='ltr'>longe</span> <span class='ocrx_word' id='word_1_183' title='bbox 678 3370 770 3427; x_wconf 88' lang='lat' dir='ltr'>retro</span> <span class='ocrx_word' id='word_1_184' title='bbox 790 3363 1001 3438; x_wconf 88' lang='lat' dir='ltr'>claruerunt,</span> <span class='ocrx_word' id='word_1_185' title='bbox 1027 3379 1155 3442; x_wconf 89' lang='lat' dir='ltr'>eosque</span> <span class='ocrx_word' id='word_1_186' title='bbox 1179 3359 1289 3422; x_wconf 90' lang='lat' dir='ltr'>fideli-</span> 
     </span>
     <span class='ocr_line' id='line_1_38' title="bbox 340 3460 1288 3544; baseline -0.002 -21"><span class='ocrx_word' id='word_1_187' title='bbox 340 3481 398 3523; x_wconf 92' lang='lat' dir='ltr'>um</span> <span class='ocrx_word' id='word_1_188' title='bbox 423 3462 573 3544; x_wconf 89' lang='lat' dir='ltr'>populus</span> <span class='ocrx_word' id='word_1_189' title='bbox 598 3460 724 3525; x_wconf 89' lang='lat' dir='ltr'>habere</span> <span class='ocrx_word' id='word_1_190' title='bbox 747 3462 784 3524; x_wconf 91' lang='lat' dir='ltr'>in</span> <span class='ocrx_word' id='word_1_191' title='bbox 808 3482 873 3525; x_wconf 92' lang='lat' dir='ltr'>sua</span> <span class='ocrx_word' id='word_1_192' title='bbox 896 3461 1052 3525; x_wconf 91' lang='lat' dir='ltr'>didicerit</span> <span class='ocrx_word' id='word_1_193' title='bbox 1075 3460 1288 3524; x_wconf 88' lang='lat' dir='ltr'>adversitate</span> 
     </span>
     <span class='ocr_line' id='line_1_39' title="bbox 339 3558 1289 3641; baseline -0.003 -17"><span class='ocrx_word' id='word_1_194' title='bbox 339 3567 517 3641; x_wconf 88' lang='lat' dir='ltr'>patronos,</span> <span class='ocrx_word' id='word_1_195' title='bbox 542 3562 666 3625; x_wconf 90' lang='lat' dir='ltr'>merito</span> <span class='ocrx_word' id='word_1_196' title='bbox 695 3562 740 3626; x_wconf 90' lang='lat' dir='ltr'>ad</span> <span class='ocrx_word' id='word_1_197' title='bbox 768 3569 814 3639; x_wconf 90' lang='lat' dir='ltr'>te,</span> <span class='ocrx_word' id='word_1_198' title='bbox 841 3581 914 3625; x_wconf 94' lang='lat' dir='ltr'>non·</span> <span class='ocrx_word' id='word_1_199' title='bbox 940 3568 1076 3626; x_wconf 90' lang='lat' dir='ltr'>tantum</span> <span class='ocrx_word' id='word_1_200' title='bbox 1103 3560 1201 3641; x_wconf 85' lang='lat' dir='ltr'>regni</span> <span class='ocrx_word' id='word_1_201' title='bbox 1228 3558 1289 3623; x_wconf 89' lang='lat' dir='ltr'>sed</span> 
     </span>
     <span class='ocr_line' id='line_1_40' title="bbox 338 3659 1289 3744; baseline -0.003 -20"><span class='ocrx_word' id='word_1_202' title='bbox 338 3668 561 3742; x_wconf 89' lang='lat' dir='ltr'>paternarum</span> <span class='ocrx_word' id='word_1_203' title='bbox 586 3660 757 3724; x_wconf 83' lang='lat' dir='ltr'>haeredem</span> <span class='ocrx_word' id='word_1_204' title='bbox 780 3662 963 3739; x_wconf 89' lang='lat' dir='ltr'>virtutum,</span> <span class='ocrx_word' id='word_1_205' title='bbox 986 3660 1135 3744; x_wconf 88' lang='lat' dir='ltr'>quadam</span> <span class='ocrx_word' id='word_1_206' title='bbox 1159 3659 1289 3722; x_wconf 86' lang='lat' dir='ltr'>securi-</span> 
     </span>
    </p>
   </div>
   <div class='ocr_carea' id='block_1_12' title="bbox 339 3858 1294 4275">
    <p class='ocr_par' dir='ltr' id='par_1_13' title="bbox 339 3858 1294 4275">
     <span class='ocr_line' id='line_1_41' title="bbox 374 3858 1293 3929; baseline 0 -19"><span class='ocrx_word' id='word_1_207' title='bbox 374 3858 529 3910; x_wconf 81' lang='lat' dir='ltr'>¹Heroclios</span> <span class='ocrx_word' id='word_1_208' title='bbox 543 3861 705 3926; x_wconf 71' lang='lat' dir='ltr'>patriarche]</span> <span class='ocrx_word' id='word_1_209' title='bbox 721 3862 801 3924; x_wconf 85' lang='lat' dir='ltr'>Itap-</span> <span class='ocrx_word' id='word_1_210' title='bbox 825 3863 863 3913; x_wconf 85' lang='lat' dir='ltr'>iii.</span> <span class='ocrx_word' id='word_1_211' title='bbox 881 3861 895 3929; x_wconf 63' lang='grc' dir='ltr'><strong>ξ</strong></span> <span class='ocrx_word' id='word_1_212' title='bbox 915 3867 955 3913; x_wconf 82' lang='lat' dir='ltr'>lo.</span> <span class='ocrx_word' id='word_1_213' title='bbox 1006 3863 1083 3927; x_wconf 74' lang='lat' dir='ltr'>Pagi,</span> <span class='ocrx_word' id='word_1_214' title='bbox 1100 3862 1134 3912; x_wconf 85' lang='lat' dir='ltr'>ad</span> <span class='ocrx_word' id='word_1_215' title='bbox 1156 3865 1293 3925; x_wconf 78' lang='lat' dir='ltr'>an.1185,</span> 
     </span>
     <span class='ocr_line' id='line_1_42' title="bbox 339 3931 948 3999; baseline 0.003 -19"><span class='ocrx_word' id='word_1_216' title='bbox 339 3947 414 3994; x_wconf 85' lang='lat' dir='ltr'>pears</span> <span class='ocrx_word' id='word_1_217' title='bbox 433 3931 488 3980; x_wconf 82' lang='lat' dir='ltr'>that</span> <span class='ocrx_word' id='word_1_218' title='bbox 509 3932 646 3994; x_wconf 82' lang='lat' dir='ltr'>Ernuldus,</span> <span class='ocrx_word' id='word_1_219' title='bbox 663 3937 756 3981; x_wconf 87' lang='lat' dir='ltr'>master</span> <span class='ocrx_word' id='word_1_220' title='bbox 775 3933 804 3981; x_wconf 81' lang='lat' dir='ltr'>of</span> <span class='ocrx_word' id='word_1_221' title='bbox 824 3931 874 3999; x_wconf 77' lang='lat'>§7,</span> <span class='ocrx_word' id='word_1_222' title='bbox 884 3948 948 3996; x_wconf 81' lang='lat' dir='ltr'>seqq.</span> 
     </span>
     <span class='ocr_line' id='line_1_43' title="bbox 339 4000 1293 4065; baseline 0.001 -16"><span class='ocrx_word' id='word_1_223' title='bbox 339 4001 382 4050; x_wconf 89' lang='lat' dir='ltr'>the</span> <span class='ocrx_word' id='word_1_224' title='bbox 397 4001 538 4064; x_wconf 75' lang='lat' dir='ltr'>Templum,</span> <span class='ocrx_word' id='word_1_225' title='bbox 554 4001 606 4049; x_wconf 83' lang='lat' dir='ltr'>hod</span> <span class='ocrx_word' id='word_1_226' title='bbox 627 4002 682 4051; x_wconf 81' lang='lat' dir='ltr'>also</span> <span class='ocrx_word' id='word_1_227' title='bbox 703 4016 800 4051; x_wconf 85' lang='lat' dir='ltr'>accom-</span> <span class='ocrx_word' id='word_1_228' title='bbox 860 4000 991 4065; x_wconf 59' lang='lat' dir='ltr'>’aaron</span> <span class='ocrx_word' id='word_1_229' title='bbox 1015 4001 1070 4050; x_wconf 86' lang='lat' dir='ltr'>The</span> <span class='ocrx_word' id='word_1_230' title='bbox 1089 4002 1164 4050; x_wconf 87' lang='lat' dir='ltr'>letter</span> <span class='ocrx_word' id='word_1_231' title='bbox 1181 4012 1242 4063; x_wconf 80' lang='lat' dir='ltr'>may</span> <span class='ocrx_word' id='word_1_232' title='bbox 1259 4002 1293 4050; x_wconf 86' lang='lat' dir='ltr'>be</span> 
     </span>
     <span class='ocr_line' id='line_1_44' title="bbox 339 4071 1292 4134; baseline 0.001 -15"><span class='ocrx_word' id='word_1_233' title='bbox 339 4071 433 4130; x_wconf 82' lang='lat' dir='ltr'>panied</span> <span class='ocrx_word' id='word_1_234' title='bbox 447 4072 524 4133; x_wconf 88' lang='lat' dir='ltr'>them,</span> <span class='ocrx_word' id='word_1_235' title='bbox 542 4072 588 4120; x_wconf 91' lang='lat' dir='ltr'>but</span> <span class='ocrx_word' id='word_1_236' title='bbox 605 4071 665 4120; x_wconf 91' lang='lat' dir='ltr'>died</span> <span class='ocrx_word' id='word_1_237' title='bbox 683 4077 709 4120; x_wconf 91' lang='lat' dir='ltr'>at</span> <span class='ocrx_word' id='word_1_238' title='bbox 723 4073 801 4121; x_wconf 89' lang='lat' dir='ltr'>Vero·</span> <span class='ocrx_word' id='word_1_239' title='bbox 825 4086 885 4122; x_wconf 86' lang='lat' dir='ltr'>seen</span> <span class='ocrx_word' id='word_1_240' title='bbox 901 4077 929 4121; x_wconf 87' lang='lat' dir='ltr'>at</span> <span class='ocrx_word' id='word_1_241' title='bbox 944 4073 1032 4134; x_wconf 82' lang='lat' dir='ltr'>length</span> <span class='ocrx_word' id='word_1_242' title='bbox 1047 4072 1074 4120; x_wconf 90' lang='lat' dir='ltr'>in</span> <span class='ocrx_word' id='word_1_243' title='bbox 1092 4072 1228 4133; x_wconf 88' lang='lat' dir='ltr'>Hoveden,</span> <span class='ocrx_word' id='word_1_244' title='bbox 1239 4071 1292 4121; x_wconf 83' lang='lat' dir='ltr'>and</span> 
     </span>
     <span class='ocr_line' id='line_1_45' title="bbox 339 4139 1294 4206; baseline 0.004 -20"><span class='ocrx_word' id='word_1_245' title='bbox 339 4153 391 4198; x_wconf 75' lang='grc' dir='ltr'>ηας</span> <span class='ocrx_word' id='word_1_246' title='bbox 416 4140 549 4202; x_wconf 87' lang='lat' dir='ltr'>Hoveden,</span> <span class='ocrx_word' id='word_1_247' title='bbox 564 4156 591 4201; x_wconf 87' lang='lat' dir='ltr'>p.</span> <span class='ocrx_word' id='word_1_248' title='bbox 608 4145 677 4201; x_wconf 75' lang='lat'>6283</span> <span class='ocrx_word' id='word_1_249' title='bbox 699 4141 801 4203; x_wconf 88' lang='lat' dir='ltr'>Diceto‚</span> <span class='ocrx_word' id='word_1_250' title='bbox 826 4141 1112 4206; x_wconf 76' lang='lat' dir='ltr'>Newburgh,iii.§12.</span> <span class='ocrx_word' id='word_1_251' title='bbox 1140 4139 1171 4190; x_wconf 90' lang='lat' dir='ltr'>In</span> <span class='ocrx_word' id='word_1_252' title='bbox 1182 4141 1225 4190; x_wconf 88' lang='lat' dir='ltr'>the</span> <span class='ocrx_word' id='word_1_253' title='bbox 1237 4147 1294 4191; x_wconf 83' lang='lat' dir='ltr'>text</span> 
     </span>
     <span class='ocr_line' id='line_1_46' title="bbox 339 4207 1112 4275; baseline 0.009 -19"><span class='ocrx_word' id='word_1_254' title='bbox 339 4207 387 4258; x_wconf 54' lang='lat' dir='ltr'>col,</span> <span class='ocrx_word' id='word_1_255' title='bbox 407 4212 464 4258; x_wconf 77' lang='lat'><strong>626.</strong></span> <span class='ocrx_word' id='word_1_256' title='bbox 499 4211 623 4272; x_wconf 81' lang='lat' dir='ltr'>Compare</span> <span class='ocrx_word' id='word_1_257' title='bbox 642 4211 801 4275; x_wconf 81' lang='lat' dir='ltr'>Newburgh,</span> <span class='ocrx_word' id='word_1_258' title='bbox 825 4212 845 4259; x_wconf 91' lang='lat' dir='ltr'>it</span> <span class='ocrx_word' id='word_1_259' title='bbox 856 4214 879 4262; x_wconf 90' lang='lat' dir='ltr'>is</span> <span class='ocrx_word' id='word_1_260' title='bbox 890 4211 967 4262; x_wconf 90' lang='lat' dir='ltr'>much</span> <span class='ocrx_word' id='word_1_261' title='bbox 978 4211 1112 4274; x_wconf 79' lang='lat' dir='ltr'>abridged.</span> 
     </span>
    </p>
   </div>
   <div class='ocr_carea' id='block_1_13' title="bbox 0 0 1414 4882">
    <p class='ocr_par' dir='ltr' id='par_1_14' title="bbox 0 0 1414 4882">
     <span class='ocr_line' id='line_1_47' title="bbox 0 0 1414 4882; baseline 0 0"><span class='ocrx_word' id='word_1_262' title='bbox 0 0 1414 4882; x_wconf 95' lang='lat' dir='ltr'> </span> 
     </span>
    </p>
   </div>
  </div>
 </body>
</html>
