2820 4882
145 611 192 650 Life
202 611 225 650 of

300 374 344 438 50
558 386 693 438 nocam
717 389 764 436 nn
786 386 993 436 wnunovnn

144 560 267 601 A·1>·¹0⁹⁵·
302 548 455 630 ngena
476 544 598 625 matre,
622 548 658 610 in
680 546 787 612 nobili
807 545 1028 623 monasterio,
1046 545 1139 629 quod
1163 539 1254 608 Burss

144 660 249 700 susm.
304 669 385 730 gum
409 655 641 730 nuncupatur,
671 648 781 711 literis
809 653 845 710 et
876 647 1119 711 ecclesiasticis
1151 645 1255 708 disci·

302 749 407 830 plinis
432 749 474 811 ad
499 748 637 830 plenum
652 747 790 811 exstitit
807 746 973 811 eruditus.
1025 747 1112 830 Ejus
1135 752 1254 808 autem

302 854 464 930 parentes
489 846 576 911 adeo
593 847 751 928 religioni
767 847 965 924 studebant,
982 852 1023 909 ut
1038 846 1149 909 multo
1171 852 1254 909 ante

303 948 385 1012 vitae
414 947 516 1010 linem
550 948 746 1010 castitatem
777 945 935 1028 professi,
969 965 1007 1009 se
1036 947 1080 1009 ab
1103 946 1253 1009 invicem

303 1055 516 1129 separantes
532 1049 596 1110 sub
611 1053 743 1110 sanctae
770 1046 1043 1109 conversationis
1062 1044 1184 1109 habitu
1201 1045 1255 1108 vi·

304 1155 375 1211 tam
399 1165 636 1211 consummare
668 1146 880 1228 gauderent3
913 1165 1059 1228 quorum
1091 1144 1253 1225 exemplo

304 1248 439 1328 etipse
470 1247 670 1310 adolescens
700 1246 877 1323 incitatus,
903 1253 1014 1308 matre
1036 1245 1072 1309 id
1100 1245 1254 1308 maxime

303 1347 543 1429 persuadente,
567 1346 720 1410 seculum
748 1345 899 1428 reliquit,
922 1354 1026 1427 atque
1048 1345 1085 1407 in
1108 1344 1253 1425 Wigor·

303 1447 415 1510 niensi
430 1447 652 1523 monasterio,
666 1446 785 1527 inquo
801 1453 837 1508 et
848 1453 928 1508 ante
944 1453 1044 1526 pater
1052 1444 1130 1508 Deo
1144 1445 1254 1508 servi-

274 1616 278 1623 ,
303 1553 390 1623 erat,
415 1546 643 1609 monachilem
666 1545 822 1608 habitum
850 1545 1003 1627 suscepit
1028 1544 1254 1608 avenerabili

303 1647 466 1728 episcopo
483 1646 636 1728 ejusdem
654 1645 808 1708 ecclesiae
825 1644 1004 1726 Brithego,
1021 1662 1125 1726 aquo
1146 1645 1253 1707 etiam

303 1745 348 1808 ad
370 1745 515 1826 gradum
538 1745 742 1809 diaconatus
768 1752 804 1808 et
828 1746 1088 1826 presbyteratus
1113 1763 1252 1826 promo·

301 1851 372 1921 tus,
398 1846 516 1909 statim
535 1846 571 1908 in
595 1846 672 1926 ipso
698 1844 797 1907 initio
818 1845 960 1907 arduam
975 1845 1083 1908 vitam
1101 1852 1136 1907 et
1156 1845 1251 1907 omni

303 1945 529 2026 religiositate
553 1945 691 2027 plenam
713 1944 937 2026 amplectens,
951 1945 988 2006 in
1004 1944 1143 2024 vigiliis,
1157 1944 1251 2027 jeju-

303 2045 370 2108 niis
385 2052 421 2108 et
435 2044 651 2108 orationibus
672 2043 875 2120 indefessus,
899 2051 935 2107 et
957 2044 994 2106 in
1010 2045 1103 2106 omni
1124 2063 1252 2124 genere

303 2145 470 2208 virtutum
499 2145 662 2226 apparuit
687 2144 801 2207 subito
826 2144 1069 2207 admirandus:
1102 2143 1183 2207 hinc
1205 2145 1251 2208 ob

303 2264 435 2307 morum
464 2245 680 2325 disciplinam
713 2252 829 2307 custos
861 2244 1080 2320 novitiorum,
1111 2250 1146 2307 et
1171 2252 1254 2326 post

304 2344 348 2406 ob
370 2343 546 2408 solertiam
564 2344 787 2407 ecclesiastici
808 2341 911 2407 officii
927 2343 1175 2421 thesaurarius,
1197 2364 1252 2408 as·

303 2443 474 2524 signatur.
526 2443 597 2521 Qui
621 2444 780 2526 protinus
801 2451 924 2506 nactus
942 2445 1155 2507 occasionem
1175 2443 1253 2508 Deo

304 2543 485 2620 serviendi,
515 2563 560 2606 ex
592 2542 752 2606 custodia
781 2543 936 2606 ecclesiae
964 2543 1029 2606 sibi
1055 2545 1252 2622 commissa,

302 2650 415 2707 totum
432 2663 469 2706 se
485 2644 763 2724 contemplativae
788 2643 925 2724 impulit
941 2644 1036 2719 vitae,
1052 2643 1107 2706 die
1128 2652 1252 2709 noctu-

304 2763 371 2824 que
386 2744 533 2807 orationi
551 2751 587 2806 et
597 2743 723 2806 divinae
732 2743 872 2806 lectioni
888 2743 1062 2820 insistens,
1075 2742 1172 2807 bidui
1187 2746 1250 2809 tri·

305 2843 406 2906 duive
418 2843 553 2925 jejunio
578 2844 730 2907 membra
751 2842 935 2906 imbecillia
950 2845 1170 2923 macerabat3
1193 2864 1252 2908 sa-

305 2943 371 3006 cris
400 2962 537 3024 quoque
563 2942 690 3023 vigiliis
714 2943 751 3004 in
777 2949 914 3005 tantum
939 2942 1075 3006 deditus
1103 2952 1189 3021 erat,
1211 2953 1253 3010 ut

303 3061 373 3104 non
398 3041 499 3105 modo
521 3047 669 3118 noctem,
685 3042 746 3105 sed
770 3040 874 3105 etiam
891 3061 1046 3124 persaepe
1063 3043 1153 3105 diem
1173 3063 1253 3108 cum

303 3148 415 3218 nocte,
444 3149 490 3219 et,
512 3134 617 3204 ¹sicut
643 3143 686 3206 ab
713 3143 823 3224 ipsius
848 3161 907 3205 ore
930 3142 1137 3219 audivimus,
1165 3163 1252 3225 qua·

304 3247 383 3305 tuor
400 3242 473 3305 dies
495 3261 573 3304 cum
597 3241 756 3305 noctibus
780 3243 855 3305 sine
877 3260 998 3306 somno
1019 3244 1249 3325 transegerit;

304 3343 395 3405 unde
409 3342 584 3406 exsiccato
601 3343 753 3418 cerebro,
768 3341 958 3423 periculum
971 3343 1173 3420 incurreret,
1183 3345 1251 3409 nisi

303 3441 457 3504 vicissim
480 3460 604 3522 sopore
620 3442 720 3522 quasi
744 3441 925 3522 praelibato
950 3447 1085 3504 naturae
1113 3443 1253 3509 satisfa-

303 3558 380 3604 cere
397 3547 587 3609 maturaret
604 3561 613 3619 ;
637 3541 784 3623 denique
806 3560 884 3604 cum
901 3541 936 3604 vi
951 3548 1086 3604 naturae
1100 3541 1252 3608 dormire

302 3641 575 3722 compelleretur,
601 3660 671 3704 non
694 3641 784 3704 lecto
809 3649 871 3705 aut
889 3641 1102 3705 lectisternio
1126 3644 1171 3707 ad
1194 3664 1252 3708 so·

302 3759 421 3821 porem
447 3742 600 3803 membra
623 3741 740 3817 dabat,
764 3741 824 3804 sed
857 3741 1003 3805 lectione
1028 3741 1148 3805 divina
1171 3744 1252 3808 fati-

301 3847 405 3918 gatus
429 3848 603 3922 caputque
623 3848 823 3905 sustentans
848 3840 1025 3923 paulisper
1049 3861 1126 3906 sese
1151 3845 1251 3908 recli-

337 4105 343 4136 ¹
356 4109 429 4159 Sicut
441 4146 448 4160 .
461 4145 468 4160 .
481 4146 488 4160 .
500 4109 658 4182 audicione]
670 4115 763 4166 ‘Quod
786 4115 868 4178 ipsius
878 4131 921 4166 ore
932 4117 980 4166 hoc
991 4117 1152 4170 audissemus
1159 4119 1177 4182 ς’
1187 4120 1251 4172 Sim.

301 4181 400 4229 anobis
411 4181 455 4229 rix
466 4181 619 4247 crederetur,
630 4185 652 4233 si
664 4201 714 4234 non
730 4187 762 4235 ab
786 4187 906 4238 Dnnelm.
919 4188 967 4237 col.
979 4191 1035 4238 190.
