2820 4882
341 400 480 449 nnonns
500 401 773 451 nrsroarnauu.
974 384 1040 449 285

89 556 228 622 flectere
257 560 453 640 potuisset3
492 558 696 642 increpabat
726 567 841 623 autem
872 560 1039 623 satellites
1053 573 1174 613 tun-¹¹⁵⁶·

89 675 171 719 suos
197 659 359 740 princeps
382 659 588 736 daemonum,
611 659 702 741 quod
724 667 796 722 tam
818 660 878 721 diu
896 661 1040 742 presby·
1053 623 1143 673 mm

90 762 143 817 ter
162 756 364 821 inflexibilis
382 760 601 840 perstitisset.
647 758 748 821 Tunc
766 759 934 822 accedens
949 777 1040 822 unus

90 874 220 930 eorum,
234 859 244 890 ‘
258 857 358 938 Ego,'
374 858 501 940 inquit,
512 858 702 939 ‘decipiam
713 876 804 933 eum,
818 857 901 939 quia
917 859 1039 939 paravi

91 954 123 1015 ei
148 956 325 1018 mulierem
353 976 415 1038 per
442 957 544 1040 cujus
565 956 855 1039 pulchritudinem
880 957 1039 1039 subjicie-

91 1060 148 1115 tur
169 1055 281 1131 nobis,
306 1055 368 1119 sed
394 1055 458 1119 hoc
480 1055 593 1119 facere
614 1075 684 1119 non
711 1062 833 1137 potero
862 1056 927 1118 nisi
950 1055 1041 1119 infra

92 1153 285 1233 quindecim
300 1174 412 1217 annos
425 1155 446 1233 3'
468 1155 527 1217 ‘Si
543 1153 634 1217 infra
651 1154 743 1217 bunc
766 1155 972 1232 terminum,’
990 1156 1041 1219 ait

94 1252 269 1330 magister,
285 1254 404 1316 ‘illum
418 1252 606 1335 deceperis,
620 1273 782 1334 magnam
797 1273 869 1317 rem
885 1253 1040 1317 faceres?

94 1350 251 1432 Contigit
276 1359 393 1415 autem
418 1372 460 1430 eo
489 1360 654 1435 tempore,
679 1361 718 1417 ut
744 1353 906 1416 sacerdos
932 1353 1041 1435 juxta

93 1452 375 1515 consuetudinem
393 1471 495 1515 mane
511 1452 746 1516 coemeterium
760 1451 975 1528 circumiens,
989 1453 1041 1515 in„

93 1549 261 1614 fantulam
275 1551 384 1633 juxta
398 1570 534 1615 crucem
551 1552 588 1614 in
604 1552 803 1615 coemeterio
821 1552 969 1633 positam
986 1552 1040 1614 in·

94 1650 248 1729 veniret3
277 1670 384 1732 quam
405 1650 577 1733 accipiens
600 1652 791 1733 presbyter,
813 1652 943 1733 pietate
966 1670 1040 1714 mo·

95 1756 162 1824 tus,
192 1750 319 1813 nutrici
342 1769 418 1812 eam
440 1749 695 1814 commendavit
722 1759 758 1812 et
785 1751 880 1814 illam
910 1750 947 1812 in
974 1749 1040 1813 fili·

96 1866 150 1910 am
176 1847 372 1931 adoptavit,
395 1857 441 1926 ct,
467 1850 551 1930 quia
569 1849 867 1913 sanctimonialem
893 1868 969 1911 eam
988 1848 1040 1911 fa-

94 1966 169 2009 cere
197 1950 390 2029 proposuit,
419 1949 537 2012 literas
567 1948 698 2012 discere
719 1947 820 2027 fecit3
845 1968 936 2030 quae,
962 1966 1041 2009 cum

96 2066 206 2110 annos
239 2048 434 2129 pubertatis
468 2048 656 2129 attigisset,
689 2054 765 2110 erat
798 2047 913 2129 puella
939 2047 1041 2109 nimis

65 2168 67 2172 ⁴
96 2147 264 2227 speciosa,
290 2147 381 2209 unde
404 2149 583 2229 presbyter
608 2147 716 2228 coepit
742 2147 869 2210 tentari
895 2146 931 2207 in
959 2165 1041 2208 con·

96 2246 310 2327 cupiscentia
338 2246 425 2330 ejus,
448 2251 483 2308 ot
509 2266 578 2328 quo
605 2245 784 2320 secretius,
812 2265 854 2308 eo
882 2243 1041 2326 frequen-

96 2345 176 2422 tiuS,
199 2346 381 2427 presbyter
403 2351 557 2408 tentatus
580 2365 691 2428 nuper
712 2365 916 2409 consensum
939 2344 1040 2426 petiit

97 2449 131 2507 et
154 2443 301 2520 invenit,
323 2463 386 2507 nec
411 2450 528 2507 tamen
550 2445 663 2509 adbuc
688 2445 867 2508 decernis
891 2444 1038 2506 immun·

97 2542 182 2607 ditia
206 2543 337 2624 aliquid
363 2545 543 2624 agebatur.
608 2544 722 2608 Nocte
742 2544 861 2624 itaque
882 2543 1040 2626 sequenti

97 2649 282 2724 postquam
314 2642 431 2725 puella
464 2644 635 2708 actionem
667 2644 868 2725 presbytero
900 2662 1041 2705 conces·

95 2743 211 2818 sisset,
233 2741 418 2818 daemones,
435 2742 495 2823 qui
512 2743 547 2805 in
563 2743 665 2806 horto
685 2741 860 2805 heremita>
880 2761 924 2804 ex
947 2760 1041 2804 more

97 2847 342 2917 couvenerant,
368 2860 533 2922 magnum
561 2842 603 2904 de
633 2860 804 2904 consensu
830 2841 923 2905 facto
954 2860 1040 2923 gau·

97 2940 190 3004 dium
213 2947 468 3022 conceperunt3
492 2941 628 3005 daemon
649 2949 778 3016 autern,
797 2941 857 3021 qui
882 2940 1040 3003 sacerdo-

95 3046 165 3104 tem
188 3037 345 3121 decipere
372 3040 589 3120 promiserat,
614 3040 781 3122 magistro
810 3058 873 3102 suo
894 3037 1042 3114 dicebat,

97 3138 220 3203 <Ecce
250 3140 442 3221 presbyter,
472 3159 574 3220 quem
601 3159 663 3221 per
693 3139 871 3201 mulierem
899 3157 953 3198 me
983 3137 1041 3200 de·
1124 3202 1129 3208 ,

96 3246 277 3326 ceptorum
311 3239 479 3315 dixeram,
510 3239 584 3321 jam
619 3238 684 3302 feci
718 3237 810 3319 quod
842 3255 864 3299 a
896 3237 1042 3316 virgine,

97 3357 203 3419 quam
229 3337 265 3399 in
294 3337 399 3400 filiam
428 3337 656 3420 adoptaverat
683 3345 718 3401 et
747 3335 1042 3400 sanctimonialem

97 3437 213 3500 facere
233 3437 444 3513 decreverat,
469 3455 673 3500 consensum
698 3437 810 3517 stupri
833 3442 955 3517 petens
978 3435 1024 3496 im

97 3536 262 3618 petravit,
285 3542 321 3598 et
344 3553 422 3597 cras
443 3535 530 3598 hora
551 3536 739 3598 meridiana
764 3554 851 3616 opus
873 3533 1042 3597 nefarium

98 3635 143 3697 ad
160 3633 318 3697 effectum
335 3633 521 3715 perducam
535 3634 556 3713 ;’
579 3635 710 3715 gratias
724 3653 807 3715 ergo
824 3635 856 3697 ei
876 3633 1043 3714 magister

98 3734 171 3816 egit
192 3740 229 3796 et
252 3732 397 3796 viriliter
418 3733 531 3814 ipsum
550 3732 671 3797 fecisse
693 3733 841 3798 dicebat.
887 3733 954 3797 Die
974 3731 1041 3794 ita-

98 3852 166 3916 que
197 3831 350 3895 crastino
384 3834 566 3915 presbyter
594 3832 745 3914 puellam
774 3851 903 3895 vocans
934 3832 1043 3894 intro·

98 3932 201 3996 duxit
223 3931 320 3995 illam
338 3932 375 3994 in
402 3930 596 3995 cubiculum
622 3951 723 3995 suum
740 3938 775 3995 et
792 3950 867 3994 eam
893 3931 930 3993 in
952 3929 1042 3993 lecto

98 4031 297 4106 collocavit,
330 4038 365 4094 et
391 4039 488 4095 stans
524 4037 605 4095 ante
635 4031 762 4093 lectum
787 4030 823 4091 in
852 4030 1043 4093 tentatione

97 4132 234 4212 positus
269 4129 439 4212 cogitavit
470 4130 553 4213 quid
581 4136 674 4194 esset
706 4129 872 4204 facturuS,
904 4134 939 4191 et
967 4134 1044 4191 tan-
