2820 4882
306 378 372 447 424
563 397 697 446 sooner
721 398 768 444 nn
791 395 1000 445 wsunovna

148 563 269 605 *bn-¹¹⁸²·
308 550 502 618 Acouensis
526 560 562 618 et
584 558 776 636 praecentor
796 551 971 615 Dominici
993 551 1179 633 sepulchri,
1202 551 1262 617 ille

309 672 421 718 caesus
444 660 479 717 et
500 653 567 717 iste
597 659 720 735 captus
750 651 881 735 pariter
903 670 982 715 cum
1003 651 1081 733 ipsa
1102 670 1261 716 succum·

308 754 415 833 bunt3
445 753 563 837 sicque
594 752 731 835 capitur
761 770 848 814 crux
870 758 993 815 sancta
1015 758 1158 833 propter
1179 772 1260 834 pec·

310 860 390 917 cata
411 853 601 929 hominum,
625 857 672 928 et,
687 870 765 932 quae
780 870 844 915 nos
866 870 888 915 a
910 849 1021 916 veteri
1044 851 1261 933 captivitatis

305 952 394 1036 jugo
411 952 574 1028 absolvit,
591 970 656 1034 pro
673 951 772 1014 nobis
799 951 940 1033 captiva
961 949 1100 1015 ducitur
1121 958 1157 1032 et
1179 970 1261 1034 pro·

262 1104 264 1108 .
310 1051 401 1117 sanis
418 1052 600 1135 gentilium
616 1050 774 1114 manibus
791 1056 1040 1121 contrectatur.

348 1226 439 1302 Quod
453 1233 561 1290 coacta
576 1224 686 1289 ciuitas
702 1245 771 1288 cam
788 1232 851 1288 tota
857 1222 931 1308 fara
947 1231 1033 1288 tarro
1045 1223 1226 1310 Hierosoly·

507 1325 629 1389 mitono
646 1345 667 1388 o
685 1323 860 1388 Solaodiao
874 1322 1067 1410 sadjapotor.
1174 1395 1177 1400 ,

147 1457 266 1500 continued
370 1441 592 1513 Salaadinus¹
625 1449 744 1530 itaque
769 1448 917 1514 victoria
945 1450 1077 1532 potitus
1103 1448 1262 1514 Tiberia·

146 1511 264 1600 fflf‘
308 1548 385 1628 dem
407 1549 603 1625 revertitur,
621 1554 669 1626 et,
690 1548 765 1612 solo
787 1548 948 1631 praesidio
966 1549 1058 1632 quod
1080 1557 1262 1632 supererat

308 1654 425 1731 capto,
442 1668 559 1729 regem
580 1666 659 1711 cum
684 1649 818 1712 cacteris
838 1667 927 1731 quos
948 1656 1088 1732 ceperat
1109 1649 1260 1714 Damas·

308 1766 387 1811 cum
404 1747 607 1811 transmisit.
647 1747 782 1811 Deinde
800 1746 984 1812 Gahlaeam
998 1749 1166 1813 invadens
1181 1750 1261 1814 uni..

308 1866 410 1919 versa
429 1868 492 1930 pro
511 1847 613 1910 libitu
636 1847 829 1930 occupavit,
852 1854 887 1912 et
906 1848 1048 1913 veniens
1068 1848 1262 1927 Ptolomai-

310 1947 388 2010 dam
409 1949 483 2011 sine
498 1946 678 2028 sanguinis
694 1967 770 2011 eam
787 1947 952 2012 effusione
974 1949 1138 2031 suscepit.
1171 1949 1261 2014 Inde
1308 2035 1311 2040 ι

311 2046 593 2133 Hierosolymam
614 2046 784 2111 festinans
810 2049 930 2112 urbem
960 2047 1106 2126 obsidet,
1130 2049 1262 2119 machi·

248 2154 251 2159 ⁴
309 2165 373 2210 nas
390 2147 426 2211 in
442 2168 566 2231 gyrum
583 2147 696 2227 locat;
719 2148 813 2212 cives
828 2166 915 2230 quas
931 2155 1077 2232 possunt
1091 2148 1261 2215 defensio-

309 2266 371 2311 nes
392 2248 571 2331 objiciunt,
589 2247 649 2310 sed
666 2266 779 2325 arone,
794 2248 943 2325 balistae,
959 2249 1121 2330 petrariae
1136 2248 1262 2316 effectu

310 2354 430 2411 carent
457 2354 492 2411 et
516 2346 685 2411 inutiliter
712 2354 997 2426 contrectantur3
1027 2348 1153 2430 vulgus
1176 2368 1261 2415 vero

309 2447 473 2529 pavidum
504 2447 548 2510 ad
577 2446 809 2529 patriarcham
836 2454 872 2510 et
896 2447 1063 2529 reginam,
1091 2449 1151 2532 qui
1177 2456 1262 2514 tunc

309 2547 387 2609 urhi
399 2553 585 2628 praeerant,
602 2547 762 2611 flebiliter
775 2547 976 2629 supplicans
989 2548 1110 2626 instat,
1127 2556 1167 2613 ut
1181 2569 1260 2615 cum

309 2644 498 2710 Salaadino
520 2645 562 2709 de
584 2648 668 2710 urbe
692 2647 861 2712 tradenda
884 2648 1105 2713 conveniant.
1138 2648 1261 2715 Pactio

309 2744 448 2808 tandem
465 2745 648 2810 intercedit
663 2748 776 2828 magis
790 2747 937 2811 dolenda
951 2766 1055 2830 quam
1071 2768 1262 2814 memoran-

309 2844 366 2922 da,
393 2864 485 2921 nam,
511 2846 639 2927 singuli
663 2847 787 2928 capitis
811 2847 865 2910 sui
892 2866 1033 2911 censum
1055 2855 1260 2929 statuentes,

308 2945 364 3008 vir
377 2943 546 3009 bisantios
562 2946 692 3022 decem,
708 2947 832 3010 mulier
844 2946 1009 3030 quinque,
1022 2948 1137 3013 infans
1152 2970 1260 3015 unum

308 3044 532 3127 persolveret,
557 3052 592 3110 et
615 3046 771 3128 quisquis
794 3046 854 3129 qui
878 3046 922 3109 ad
945 3047 1021 3111 haec
1042 3069 1111 3112 non
1133 3049 1260 3116 sufficit

310 3151 485 3208 teneretur
501 3146 680 3227 captivus3
704 3152 804 3210 erant
825 3153 941 3210 autem
960 3148 997 3210 in
1016 3147 1157 3213 civitate
1172 3169 1259 3233 qua..

310 3244 498 3308 tuordecim
520 3245 629 3309 millia
650 3246 831 3329 utriusque
857 3265 965 3310 sexus
987 3247 1175 3329 hominum,
1198 3252 1259 3333 qui

309 3343 353 3407 ad
375 3343 441 3407 hoc
463 3364 532 3409 non
559 3343 766 3410 sufficientes
783 3346 909 3430 jugum
934 3348 1114 3412 subierunt
1135 3369 1259 3433 perpe*

310 3450 380 3506 tuae
392 3444 581 3508 servitutis
604 3438 775 3510 ²Reddita
786 3453 840 3510 est
848 3446 973 3511 civitas
982 3455 1104 3512 sancta
1112 3449 1259 3515 inimicis

310 3541 453 3621 Christi,
469 3551 504 3608 et
521 3545 740 3626 sepulchrum
761 3545 950 3629 possident,
968 3547 1027 3630 qui
1042 3567 1257 3632 persequuna

308 3650 367 3707 tur
395 3643 598 3727 Sepultum;
635 3665 771 3709 crucem
801 3653 931 3723 tenent,
958 3647 1018 3728 qui
1044 3646 1258 3714 crucifixum

308 3743 561 3825 blasphemant.
593 3743 777 3827 Ingressus
797 3746 915 3828 itaque
938 3746 1115 3812 civitatem
1137 3748 1260 3814 Salaa-

341 3973 534 4046 ¹Solaodiaas.]
556 3978 769 4031 Bern'l’hesaur.
795 3994 827 4029 on
845 3980 888 4030 the
905 3981 965 4030 rath
982 3981 1103 4033 October.
1150 3982 1198 4033 See
1214 3983 1259 4034 the

309 4047 357 4096 col.
370 4051 428 4110 794,
438 4063 488 4112 seq.
620 4108 626 4117 Ι
795 4056 902 4100 account
921 4051 950 4100 oi
965 4052 999 4100 its
1016 4056 1121 4114 capture
1139 4053 1174 4114 by
1192 4053 1260 4117 Cog-

795 4121 915 4183 geshale3
933 4122 1058 4184 Murteae,
1069 4124 1137 4173 vera
1153 4123 1258 4187 Scripta.

341 4178 470 4233 'Reddita
492 4189 528 4234 est
550 4185 638 4236 duitas
661 4180 767 4255 scorta]
795 4195 854 4242 tom.
866 4206 891 4242 v.
903 4193 950 4242 col.
963 4196 1021 4255 66⁷,
1031 4207 1095 4257 seqq.
