2820 4882
416 398 555 448 cnonas
577 398 848 447 nrsronrsnuu.
1064 385 1107 451 61

159 576 273 622 cemur
303 565 553 640 augmentum
591 557 695 641 hujus
724 577 862 640 quoque
895 559 1108 623 remissionis
1121 579 1243 619 nonos

159 658 377 724 concedimus
393 677 469 722 esse
486 658 684 740 participes,
702 659 763 740 qui
779 658 823 721 ad
845 659 1108 722 subventionem

158 759 257 822 istius
271 758 406 822 itineris
422 757 577 822 debonis
598 759 670 820 suis
685 777 837 840 congrue
853 759 1108 836 ministrabunt,

157 869 215 922 aut
232 859 329 922 circa
346 857 513 941 praedicta
531 858 714 922 consilium
738 864 774 921 et
789 859 957 922 auxilium
974 860 1108 942 impen-

157 958 270 1022 derint
295 965 541 1040 opportunum.
593 957 650 1021 Ite
676 978 760 1039 ergo
789 958 1026 1041 praedicabiles
1048 978 1110 1041 per

157 1059 274 1121 orbem
305 1056 436 1121 Christi
464 1057 604 1135 milites,
632 1058 789 1121 timorem
824 1059 945 1122 mortis
971 1059 1109 1140 penitus

158 1158 378 1236 omittentes3
409 1177 479 1221 non
501 1158 591 1220 enim
613 1168 697 1221 sunt
719 1158 901 1238 condignae
930 1159 1109 1239 passiones

157 1257 259 1340 hujus
276 1258 444 1339 temporis
466 1257 510 1321 ad
527 1257 680 1320 futuram
702 1257 861 1338 gloriam,
877 1276 955 1339 quae
976 1257 1109 1321 revela-

158 1357 250 1421 bitur
277 1356 314 1419 in
339 1357 450 1421 nobis.
504 1356 594 1420 Haec
620 1358 850 1439 praesentibus
876 1357 1109 1439 praecipimus,

157 1457 359 1521 absentibus
380 1456 595 1532 mandamus,
612 1456 864 1538 terminumque
887 1457 1035 1539 proximi
1050 1477 1110 1520 ve·

158 1557 201 1619 ris
225 1556 391 1637 figimus3
425 1555 537 1620 aderit
558 1556 650 1618 enim
673 1556 770 1618 Deus
793 1556 968 1632 euntibus,
988 1564 1028 1620 ut
1047 1557 1110 1620 bo·

158 1675 220 1718 nus
254 1657 306 1719 eis
328 1655 479 1719 arrideat
507 1675 631 1732 annus,
656 1663 731 1719 tum
761 1656 798 1718 in
826 1655 927 1738 copia
957 1655 1109 1736 frugum,

158 1762 231 1818 tum
242 1755 281 1818 in
294 1756 480 1820 serenitate
492 1756 759 1832 elementorum3
780 1755 937 1819 morituri
946 1756 1110 1819 caelorum

158 1855 339 1919 intrabunt
371 1855 570 1932 triclinium,
605 1854 730 1918 victuri
768 1854 989 1919 Dominicum
1019 1855 1111 1919 vide-

159 1955 246 2019 bunt
266 1955 498 2037 sepulchrum.
544 1954 678 2018 Felices
696 1961 789 2031 sunt,
808 1956 867 2037 qui
886 1954 929 2017 ad
945 1954 1035 2017 hanc
1050 1975 1112 2018 ex·

159 2055 368 2137 peditionem
390 2062 570 2131 vocantur,
593 2061 633 2118 ut
655 2053 795 2118 videant
818 2055 895 2117 loca
918 2062 1051 2130 sancta,
1074 2055 1111 2116 in

161 2156 286 2237 quibus
313 2155 475 2218 caelorum
503 2155 674 2218 Dominus
700 2173 779 2217 cum
809 2152 1005 2216 hominibus
1031 2172 1113 2216 con-

160 2260 319 2319 versatus
338 2261 403 2328 est,
426 2261 461 2317 et
479 2273 543 2336 pro
565 2254 759 2316 hominibus
779 2262 897 2330 natue,
914 2253 1111 2330 crucifixus,

159 2362 328 2430 mortuus,
343 2353 499 2436 sepultus
519 2360 555 2417 et
576 2354 803 2417 resuscitatus
818 2353 840 2433 3'
866 2361 900 2417 et
920 2353 974 2416 his
996 2353 1110 2429 dictis,

161 2454 326 2535 praecepit
342 2453 397 2516 his
408 2453 467 2535 qui
482 2452 626 2516 aderant
643 2453 864 2517 ecclesiarum
881 2453 1047 2536 praelatiS,
1059 2460 1110 2529 ut,

162 2554 203 2616 ad
218 2553 362 2636 propria
377 2552 518 2629 reversi,
533 2572 612 2615 cum
632 2553 726 2616 omni
742 2553 910 2617 instantia
930 2560 965 2615 et
985 2553 1113 2616 sollici-

162 2653 279 2717 tudine
314 2653 432 2735 plebes
467 2651 533 2716 sibi
569 2652 745 2735 subjectas
776 2653 821 2716 ad
857 2651 1113 2736 expeditionem

161 2754 375 2834 praemissam
390 2752 628 2818 exhortentur.

185 2945 233 3008 De
249 2942 424 3008 nominihus
437 2952 617 3029 magnetem
632 2942 925 3028 crucesignatorum
940 2952 1085 3008 eteorum

563 3064 714 3107 consensa.

212 3169 371 3251 Cumque
390 3167 502 3231 clerus
526 3175 562 3232 et
583 3168 733 3250 populus
752 3167 855 3251 hujus
878 3169 1043 3232 orationis
1064 3174 1115 3231 te·
1127 3191 1277 3283 ,⁸:323ssss

1135 3257 1146 3283 θ

166 3289 282 3333 norem
320 3267 461 3331 auribus
495 3269 742 3350 percepissent,
784 3287 953 3331 consensu
994 3274 1114 3330 mutuo
1127 3293 1256 3344 spurina
1344 3333 1346 3337 ,

165 3370 314 3434 clamore
346 3374 583 3449 protestantur
613 3367 771 3432 faventes
803 3367 1047 3432 sermocinanti
1080 3374 1116 3430 et

165 3467 444 3550 peregrinationi.
492 3467 538 3530 Et
555 3468 713 3550 protinus
736 3468 773 3531 in
793 3467 939 3531 concilio
957 3486 1116 3550 proceres

166 3568 334 3644 nonnulli,
349 3586 448 3651 papae
462 3567 606 3649 genibus
622 3567 790 3643 advoluti,
807 3586 845 3630 se
861 3575 896 3630 et
913 3586 977 3630 sua
989 3567 1118 3631 Christi

166 3668 298 3732 militiae
315 3674 582 3746 consecrarunt3
600 3686 747 3750 quorum
760 3666 891 3749 primus
908 3667 973 3731 suit
988 3661 1118 3730 ¹Aime-

199 3911 359 3980 ‘lateras
382 3917 481 3978 himer,
497 3917 587 3979 bishop
604 3917 633 3966 of
655 3916 797 3977 verbatim
822 3916 932 3966 Fulcher
947 3917 976 3965 of
991 3915 1120 3979 Chartres,

169 3984 236 4049 Puy.
273 3986 327 4036 The
345 3986 474 4050 following
491 3987 587 4048 history
605 3987 634 4036 of
657 3986 1069 4049 Malmsbury,andothers‚whom
1077 3987 1119 4036 the

169 4055 209 4105 the
221 4057 353 4107 Crusades
369 4058 392 4106 is
403 4057 527 4119 compiled
539 4058 632 4123 princi·
656 4057 746 4106 reader
756 4058 810 4105 will
820 4056 872 4105 tind
886 4059 912 4106 in
924 4057 966 4106 the
978 4058 1059 4108 Gesta
1070 4057 1121 4106 Dei

168 4127 236 4189 pully
248 4127 312 4176 from
324 4127 437 4176 William
447 4127 476 4177 of
483 4127 558 4189 Tyra,
570 4127 632 4176 with
658 4141 703 4189 per
718 4127 838 4188 Francos,
854 4142 921 4177 seem
941 4128 995 4177 also
1010 4131 1036 4175 to
1056 4127 1120 4175 have

169 4196 252 4248 whom
266 4197 310 4247 the
326 4201 381 4246 text
391 4196 533 4260 frequently
544 4211 634 4260 agrees
659 4199 724 4246 been
736 4198 876 4247 consulted.
1114 4230 1116 4237 ·
