2820 4882
351 393 491 442 rannus
513 394 784 445 ursronrnnuu.
984 383 1049 446 175

95 549 161 614 tuit
190 548 239 612 ibi
269 548 566 633 archiepiscopum
597 552 835 616 Baldewinum
864 554 1048 635 quendam,
1062 573 1116 614 an.
1129 574 1184 612 nos.

95 649 154 731 qui
176 668 256 712 cum
278 647 364 713 duce
378 649 570 714 Godelrido
593 651 676 714 illuc
699 652 900 729 advenerat,
923 661 971 730 et,
994 675 1049 718 re·

95 749 177 811 licto
193 748 239 812 ad
258 748 455 813 custodiam
473 751 626 814 civitatis
649 752 810 833 praesidio
833 752 987 830 militari,
1003 755 1048 818 ad

97 847 285 912 Ramulam
301 848 492 914 festinavit.
544 849 644 913 Misit
658 870 700 913 eo
717 858 870 932 tempore
883 850 1049 935 Calipbus

97 948 245 1030 AEgypti
278 949 469 1031 principem
498 949 630 1012 militiae
668 969 741 1012 suae
776 957 898 1014 contra
933 972 1048 1034 regem

97 1046 339 1112 Baldewinum
366 1067 445 1111 cum
475 1048 635 1112 undecim
661 1049 813 1112 millibus
837 1052 991 1132 equitum
1014 1061 1050 1116 et

97 1146 224 1228 viginti
245 1147 396 1210 millibus
412 1147 578 1228 peditum,
596 1149 811 1231 praecipiens,
828 1156 867 1212 ut
882 1152 1049 1233 populum

96 1247 235 1328 inopem
252 1252 289 1309 et
302 1246 495 1309 mendicum
515 1265 537 1309 a
560 1247 644 1323 suis,
666 1255 707 1311 ut
729 1248 901 1326 dicebant,
923 1251 1049 1316 finibus

96 1346 363 1428 propulsarent3
395 1365 483 1428 quos
505 1365 583 1409 cum
601 1366 665 1408 rex
680 1346 843 1412 advenire
865 1351 1048 1431 cognovis-

96 1453 161 1523 set,
178 1445 336 1509 obviavit
348 1444 418 1507 illis
432 1445 623 1528 intrepidus
641 1465 718 1509 cum
732 1448 906 1530 equitibus
923 1450 1050 1514 ducen-

10 1571 15 1584 ·
97 1546 141 1609 tis
163 1551 200 1608 et
222 1545 410 1626 sexaginta
437 1552 473 1608 et
499 1545 675 1627 peditibus
698 1549 894 1628 nongentiS,
925 1557 973 1626 et,
996 1550 1048 1612 in-

97 1651 224 1709 vocato
242 1643 286 1707 de
305 1645 463 1726 supernis
483 1646 628 1723 auxilio,
648 1645 795 1710 viriliter
816 1648 990 1712 irruerunt
1013 1649 1048 1711 in

98 1743 229 1820 hostes,
245 1743 369 1825 quibus
386 1744 422 1807 in
437 1743 554 1826 sugam
575 1745 777 1827 compulsis,
798 1748 955 1811 insecuti.
967 1756 1050 1811 sunt

99 1863 158 1907 eos
181 1842 301 1906 fideles
320 1862 430 1925 usque
444 1842 666 1922 Ascalonem,
688 1852 841 1927 stragem
865 1855 1049 1928 operantes

99 1962 169 2006 non
195 1942 367 2006 modicam
395 1962 456 2024 per
484 1951 564 2007 octo
596 1942 769 2022 milliaria,
800 1953 837 2010 et
863 1955 964 2011 nocte
988 1947 1049 2010 illa

100 2043 250 2106 victores
266 2042 302 2104 in
317 2042 565 2123 campestribus
580 2042 799 2125 quieverunt.
843 2043 1050 2110 Ceciderunt

100 2161 239 2225 quoque
252 2161 297 2207 ex
308 2140 465 2204 hostibus
481 2142 633 2224 quinque
649 2144 759 2207 millia
775 2143 938 2221 virorum,
953 2153 989 2208 et
1004 2165 1049 2209 ex

101 2241 230 2305 nostris
244 2241 378 2322 equites
395 2241 631 2323 septuaginta,
640 2242 773 2324 pedites
790 2249 905 2306 autem
920 2243 1048 2325 plures,

100 2360 246 2424 quorum
277 2347 394 2404 tamen
430 2348 546 2405 certus
584 2361 747 2406 numerus
783 2362 853 2406 non
891 2343 1049 2408 babetur.

103 2440 321 2522 Principibus
347 2441 486 2504 interim
507 2441 707 2519 occidentis,
728 2442 771 2506 de
793 2442 920 2525 quibus
944 2462 1050 2526 supra

102 2539 292 2616 retulimus,
306 2539 588 2624 Hierosolymam
605 2541 858 2619 festinantibus,
878 2562 942 2606 rex
964 2543 1050 2608 Hie-

102 2639 252 2702 rusalem
269 2640 405 2704 obviam
422 2641 473 2704 eis
488 2640 676 2705 adveniens
698 2643 735 2705 in
754 2649 910 2705 sanctam
927 2643 1049 2708 civita·

101 2747 169 2803 tem
186 2759 266 2802 cum
282 2739 410 2821 gaudio
426 2740 632 2804 introduxit.

181 2911 269 2992 Quod
283 2933 338 2975 roa
350 2911 509 2975 Hebraeus
523 2920 623 2975 terras
640 2908 766 2975 Robartt'
773 2911 897 2995 fratris
913 2914 964 2978 sai

466 3009 680 3096 depopulatur.

154 3134 259 3200 Anno
299 3135 441 3199 Domini
479 3150 579 3198 ucw.
619 3134 772 3198 surrexit
807 3136 897 3199 inter
934 3155 1050 3216 regem
1063 3154 1185 3194 nunus.

1063 3205 1194 3254 Expedition

103 3235 296 3299 Henricum
317 3242 353 3298 et
375 3234 570 3298 Robertum
596 3232 822 3298 Normanniae
841 3234 962 3297 ducem
980 3234 1050 3297 fra·
1063 3253 1171 3294 raana-

101 3342 182 3412 tres,
201 3333 316 3399 causis
334 3333 638 3410 intercedentibus,
654 3334 838 3410 discordia,
862 3333 953 3397 unde
976 3354 1051 3411 rex,
1063 3305 1149 3353 ΜΨ

102 3435 207 3498 missa
221 3434 259 3496 in
271 3432 522 3506 Normanniam
536 3433 756 3515 expeditione
770 3433 925 3510 militari,
942 3451 1052 3515 eaque
1071 3467 1082 3489 ,·

102 3553 123 3598 a
142 3533 351 3618 quibusdam
372 3532 606 3615 proditoribus
629 3533 726 3597 ducis
753 3540 903 3615 recepta,
925 3533 1052 3615 praedis

102 3641 135 3699 et
167 3633 463 3698 combustionibus
484 3639 563 3695 ‘non
593 3632 765 3697 modicam
790 3632 924 3695 cladem
949 3634 1052 3696 rebus

101 3733 200 3798 ducis
229 3733 345 3797 subito
368 3731 584 3812 intulerunt;
618 3725 695 3796 ¹sed
713 3732 923 3810 Willelmus,
937 3751 1052 3796 comes

102 3833 301 3910 Moretonii,
317 3851 424 3896 causa
440 3832 594 3914 perfidiae
609 3852 718 3915 nuper
737 3851 758 3896 a
774 3852 856 3913 rege
879 3833 1052 3915 proscrip-

133 4053 202 4103 ¹Sed
215 4048 565 4113 Willelmas.]William,earl
588 4048 767 4098 buli-brothers
790 4047 819 4095 ot*
837 4047 880 4096 the
900 4047 1054 4108 Conqueror.

97 4124 127 4172 ot
139 4121 253 4172 Morum
271 4135 300 4169 or
317 4119 462 4182 Mortagne,
480 4133 525 4168 son
540 4119 569 4167 ot
590 4118 632 4167 He
647 4119 670 4168 is
684 4119 768 4168 called
784 4118 905 4168 Morteuil
923 4119 957 4179 by
969 4117 1055 4167 Hunt·

60 4227 77 4242 .
100 4193 169 4243 duke
193 4191 290 4240 Robert
307 4189 358 4239 the>
371 4189 454 4240 oldest
476 4189 505 4238 of
523 4188 566 4237 the
589 4188 693 4250 iugdon.
