2820 4882
374 403 514 452 aconas
536 404 804 454 flrsroaraauu.
997 391 1063 455 ala

110 559 202 635 citis,
234 562 374 624 turbata
400 569 483 625 sunt
510 563 638 639 omnia,
661 563 727 626 sibi
750 563 897 645 imputet
919 566 979 646 qui
1002 584 1061 629 oc·
1074 580 1156 668 ge
1094 579 1128 618 1>
1140 580 1196 617 ¹¹⁸⁶

111 658 285 721 casionem
301 661 415 738 dedit3
440 661 523 742 qnia
532 660 691 725 facientis
706 663 826 743 procul
840 663 944 727 dubio
956 664 1116 776 culpagm
1073 679 1183 717 orsseeket

109 766 166 819 est
177 764 214 820 et
225 777 295 821 non
307 759 510 835 recedentis,
524 761 764 842 persequentis
780 769 816 823 et
829 780 899 824 non
915 729 1116 843 injuriasaud

111 854 329 921 declinantis.
363 856 475 921 Nobis
493 858 627 921 adhue
619 878 655 921 in
671 859 768 921 ouria
779 862 1061 942 exspectantibus

111 954 142 1015 si
169 956 269 1018 nobis
295 956 425 1038 aliquid
452 955 542 1020 sorte
569 965 811 1040 opponeretur,
840 959 1061 1023 interdictum

112 1059 167 1116 est
185 1051 388 1118 officialibus
411 1056 551 1132 nostris,
574 1075 617 1119 ne
637 1057 737 1120 nobis
757 1058 795 1119 in
813 1058 1061 1139 temporalibus

113 1152 169 1214 vel
197 1153 234 1215 in
265 1153 400 1218 modico
431 1154 622 1231 obedirent,
653 1156 710 1218 vel
742 1156 830 1218 citra
860 1157 1060 1220 mandatum

112 1251 218 1331 regis,
234 1252 290 1315 vel
310 1253 410 1316 nobis
424 1253 481 1317 vel
504 1253 631 1317 nostris
651 1253 781 1335 aliquid
803 1255 1060 1337 ministrarent;

111 1351 296 1433 proscripti
314 1358 396 1414 sunt
416 1351 532 1415 clerici
552 1353 662 1417 nostri
679 1371 756 1416 curn
775 1353 886 1430 laicis
900 1355 966 1418 viri
983 1375 1062 1419 cum

112 1449 328 1527 mulieribus,
351 1450 512 1514 mulieres
537 1470 616 1515 oum
644 1452 799 1533 parvulis
829 1452 1061 1533 lactantibus;

112 1547 253 1612 addicta
269 1555 351 1611 sunt
370 1549 453 1614 fiseo
472 1552 563 1614 bona
584 1551 738 1613 eeclesiae
760 1558 795 1614 et
817 1553 1060 1632 patrimonium

112 1645 293 1724 crucifixi,
309 1667 391 1730 pars
413 1650 569 1731 pecuniae
586 1667 754 1713 conversa
775 1652 882 1713 estin
903 1671 984 1715 usus
1006 1673 1061 1717 re-

112 1746 203 1826 gios,
226 1765 308 1827 pars
327 1747 368 1809 'in
395 1766 479 1810 usus
497 1748 651 1829 episcopi
672 1747 933 1813 Londoniensis.
987 1750 1060 1834 Ap·

112 1844 265 1926 pellatis,
290 1853 330 1909 ut
351 1846 478 1924 dicitis,
506 1847 566 1910 sed
591 1846 658 1909 hac
683 1848 916 1929 appellatione
940 1857 1059 1913 aucto-

113 1944 254 2007 ritatem
276 1952 431 2008 nostram
455 1945 665 2027 suspendere
686 1966 757 2009 non
779 1947 937 2028 potestis,
960 1968 1003 2011 ne
1025 1949 1060 2010 in

112 2060 177 2105 vos
194 2050 256 2106 aut
271 2043 435 2106 ecclesias
452 2050 586 2108 vestras
606 2045 933 2122 animadvertamus,
956 2047 987 2109 si
1003 2046 1062 2109 de·

112 2141 188 2204 licti
211 2142 398 2205 enormitas
422 2143 457 2205 id
485 2145 660 2225 requirat;
692 2145 819 2206 scimus
841 2144 944 2220 enim,
968 2145 1060 2226 quod

114 2240 227 2303 omnis
253 2240 433 2323 appellans
460 2249 522 2305 aut
547 2261 612 2305 suo
639 2243 775 2304 nomine
807 2243 973 2324 appellat,
1000 2251 1061 2307 aut

112 2338 247 2416 alien03
278 2340 308 2402 si
324 2357 401 2416 suo,
417 2348 478 2404 aut
492 2359 514 2403 a
529 2341 730 2421 gravamine
744 2340 837 2421 quod
852 2340 885 2404 ei
901 2341 1060 2417 infertur,

112 2437 169 2501 vel
187 2436 279 2519 quod
292 2438 359 2500 sibi
372 2439 470 2502 timet
489 2438 616 2502 inferri.
670 2437 812 2502 Certum
825 2448 983 2504 tenemus
1000 2462 1062 2524 per

112 2537 263 2616 gratiam
280 2536 360 2612 Doi,
375 2536 468 2618 quod
483 2537 615 2600 nullum
630 2556 817 2618 gravamen
834 2539 1061 2605 adhucvobis

112 2653 175 2716 per
199 2653 263 2697 nos
283 2634 418 2697 illatum
443 2643 508 2711 est,
532 2636 623 2699 unde
653 2637 807 2700 debeatis
837 2638 881 2700 ad
907 2639 1060 2721 appella·

111 2733 217 2795 tionis
246 2733 434 2796 remedium
469 2735 673 2814 convolare;
715 2737 744 2798 si
776 2746 898 2799 contra
930 2745 1060 2801 metum

113 2832 354 2912 gravaminum
370 2832 586 2915 appellastis,
603 2834 742 2915 nequid
765 2831 808 2898 de
830 2842 956 2899 caetero
979 2856 1059 2899 con-

113 2937 170 2993 tra
196 2949 260 2992 vos
285 2937 437 2994 statuam
463 2931 520 2995 vel
548 2933 711 2995 ecclesias
734 2940 882 3009 vestras,
908 2942 1061 2998 nonest

112 3030 183 3091 ista
196 3028 277 3092 talis
299 3029 500 3111 appellatio,
520 3031 612 3112 quod
634 3031 744 3113 possit
762 3031 817 3094 vel
839 3030 963 3095 debeat
984 3052 1060 3095 sus·

111 3127 262 3210 pendere
276 3127 517 3192 auctoritatem
530 3147 641 3192 meam
653 3136 716 3193 aut
727 3135 945 3210 potestatem,
957 3149 1060 3212 quam

113 3228 149 3289 in
172 3244 237 3290 vos
263 3226 428 3289 habemus
448 3234 483 3289 et
504 3228 668 3291 ecclesias
689 3235 847 3308 vestras;
879 3229 909 3291 si
933 3229 1062 3293 domini

112 3327 206 3407 regis
223 3325 359 3388 nomine
375 3325 590 3407 appellastis,
605 3345 707 3392 nosse
723 3328 889 3392 debuerat
901 3328 1062 3393 discretio

114 3431 243 3500 vestra,
270 3424 362 3505 quod
393 3426 600 3489 introductae
629 3435 712 3490 sunt
738 3427 989 3509 appellationes
1017 3430 1061 3492 ad

97 3522 384 3605 propulsandam
414 3523 575 3606 injuriam
603 3532 638 3588 et
668 3544 737 3588 non
763 3526 808 3588 ad
837 3527 1061 3604 inferendam,

114 3622 158 3685 ad
184 3621 418 3686 sublevandos
435 3641 619 3706 oppressos
641 3631 678 3687 et
693 3642 763 3687 non
778 3625 926 3706 amplius
945 3628 1061 3708 oppri-

113 3720 281 3801 mendos3
310 3721 340 3784 si
362 3741 444 3786 vero
471 3725 531 3804 qui
552 3723 723 3786 subvertit
748 3723 903 3786 ecclesiae
921 3723 1061 3788 liberta-

115 3827 179 3895 tes,
200 3819 260 3901 qui
278 3821 369 3883 bona
391 3820 467 3902 ejus
489 3828 635 3902 occupat
658 3828 693 3885 et
713 3821 860 3898 invadit,
882 3822 1061 3903 appellans

114 3937 184 3982 non
209 3918 360 3996 auditur,
385 3918 494 3981 multo
521 3918 636 3982 minus
665 3940 728 4001 pro
760 3941 802 3984 eo
835 3920 1060 4002 appellantes.

115 4017 197 4081 Non
220 4017 298 4080 ideo
323 4017 388 4080 hoo
408 4017 564 4095 dicimus,
587 4019 679 4101 quod
705 4020 798 4082 circa
822 4019 950 4081 domini
971 4021 1063 4100 regis

113 4134 297 4197 personam
313 4116 368 4180 vel
383 4135 525 4198 regnum
543 4117 631 4201 ejus,
653 4118 707 4182 vel
731 4119 823 4182 circa
841 4136 1007 4199 personas
1028 4127 1064 4183 et
