2820 4882
419 418 557 469 aionas
580 420 848 471 ursroamauu.
1067 407 1111 472 19

162 592 232 636 eam
247 574 285 638 in
299 576 409 653 brevi,
426 574 570 643 consilio
586 573 831 645 ¹Lateravenei
847 577 1109 646 cantuariensis
1120 599 1176 639 en.
1187 598 1244 639 nv·

159 674 406 759 archiepiscopi
434 684 470 741 et
491 680 633 756 auxilio,
653 680 889 764 multipliciter
908 682 1108 764 ampliavit;

159 794 284 839 novam
306 777 486 841 ecclesiam
506 798 584 842 cum
601 781 755 844 clanstro
773 789 809 845 et
828 782 986 844 omuibus
1006 800 1109 864 regu·

156 874 287 938 laribus
309 875 453 941 officinis
476 879 653 960 eleganter
676 879 882 957 construxit,
897 880 1050 945 ordinem
1072 883 1109 946 in

157 992 199 1038 ea
220 976 470 1042 monachorum
482 979 557 1062 jam
576 998 675 1061 paene
691 980 882 1062 collapsum
896 981 1109 1060 reformavit,

157 1076 424 1159 coenobiumque
446 1080 483 1141 in
504 1079 670 1143 honorem
687 1080 781 1144 beati
801 1081 963 1163 martyris
980 1079 1109 1146 Albani

158 1183 396 1241 constructum
422 1177 518 1241 libris
543 1179 669 1243 divinis
694 1186 729 1243 et
757 1180 968 1243 ornamentis
993 1182 1110 1246 multi·

157 1275 296 1356 pliciter
312 1278 506 1341 adornavit,
541 1275 672 1342 Eodem
687 1297 778 1343 anno
796 1279 1030 1357 Herlewinus,
1048 1282 1110 1344 ab·

157 1374 219 1437 bas
238 1376 343 1439 Beoei
361 1377 503 1458 primun,
518 1379 592 1441 vita
608 1379 789 1457 decedens,
805 1379 936 1443 felicem
960 1381 1109 1445 animam

157 1493 222 1537 sno
234 1475 383 1539 reddidit
394 1475 570 1557 Creatori;
590 1498 659 1560 quo
677 1479 781 1543 etiam
796 1498 900 1556 anno,
912 1479 949 1542 in
960 1480 1016 1543 die
1026 1479 1109 1543 Pal·

157 1593 306 1651 marum,
324 1576 416 1639 circa
434 1576 555 1640 horam
577 1585 726 1654 sextam,
749 1597 870 1642 sereno
892 1579 991 1657 caelo,
1008 1579 1110 1643 stella

157 1673 282 1756 ingens
300 1676 463 1757 apparuit
479 1696 586 1761 prope
602 1676 722 1742 solem:

266 1847 317 1910 De
331 1847 490 1912 schismata
504 1847 585 1912 inter
592 1855 715 1934 papeia
730 1857 758 1913 et
772 1849 996 1934 iaperatorem.

222 1970 356 2035 Eodem
388 1991 480 2036 anno
513 1972 688 2036 Henricus
720 1973 920 2055 imperator,
947 1966 1258 2081 ²⁰⁰He⁰t⁰ss¹¹gffssh¹2⁰¹

159 2067 370 2134 Wormaciae
387 2072 511 2154 viginti
532 2079 681 2155 quatuor
703 2074 944 2156 episcoporum
966 2080 1001 2138 et
1022 2072 1111 2135 mul·
1123 2092 1225 2142 poscam
1238 2091 1275 2131 aa

161 2176 274 2234 torum
299 2173 446 2235 concilio
472 2173 677 2255 principum,
703 2173 841 2237 decerni
859 2171 972 2254 jubet,
996 2172 1113 2235 omnia
1124 2152 1226 2192 ‘mm‘

161 2269 299 2335 decreta
319 2278 355 2334 et
372 2270 465 2336 facta
482 2271 643 2355 Gregorii
662 2293 775 2357 papae,
794 2272 855 2355 qui
878 2272 974 2355 prius
990 2270 1114 2337 Hilde-

160 2371 314 2435 brandns
337 2371 527 2449 dicebatur,
551 2373 674 2437 debere
696 2372 845 2452 irritari;
871 2372 987 2456 ibique
1012 2392 1113 2437 omne

160 2471 356 2547 concilium,
372 2478 499 2553 praeter
517 2492 658 2555 paucae,
675 2470 952 2536 Hildebrandum
970 2472 1111 2556 abjura-

161 2571 222 2635 vit.
276 2569 536 2636 Hiidebrandus
551 2581 704 2636 econtra
720 2571 1033 2637 excommunicavit
1048 2574 1111 2635 im-

162 2676 368 2752 peratorem,
392 2671 456 2735 sub
479 2671 544 2735 hoc
569 2673 726 2748 obtentu,
749 2679 790 2735 ut
809 2672 974 2754 primates
999 2672 1110 2753 regni,

164 2771 265 2853 quasi
279 2764 389 2854 ³justa
402 2788 447 2834 ex
462 2790 580 2849 causa,
596 2772 796 2855 imperatori
816 2772 1112 2835 excommunicato

164 2871 413 2935 contradicant.
464 2871 595 2936 Postea
612 2871 884 2946 Hildebrandns‚
902 2891 923 2934 a
943 2872 1114 2936 sententia

164 2971 528 3035 excommunicationis
555 2971 767 3055 principibus
793 2970 972 3048 relaxatis,
998 2972 1113 3052 ipsum

166 3070 269 3134 etiam
305 3070 547 3153 imperatorem
577 3073 614 3134 iu
645 3071 889 3153 Langobardia
924 3072 988 3135 sub
1025 3070 1115 3134 falsa

167 3189 252 3252 pace
272 3170 443 3250 absolvit3
467 3191 536 3253 quo
552 3171 658 3249 facto,
681 3190 811 3245 omnes,
826 3170 887 3252 qui
912 3171 1008 3252 prius
1033 3168 1114 3232 Hil-

168 3269 379 3333 debrandum
402 3269 661 3353 abjuraverant,
674 3272 918 3352 imperatorem
940 3267 1114 3352 abjurant,

168 3376 202 3433 et
219 3369 410 3434 Radulfum
430 3370 645 3452 Burgundiae
669 3371 792 3434 ducem
812 3389 916 3451 super
940 3388 978 3432 se
999 3386 1115 3450 regem

168 3476 375 3545 statuerunt,
389 3470 494 3534 missa
514 3471 546 3534 ei
569 3489 697 3535 corona
718 3489 741 3533 a
759 3489 864 3553 papa,
887 3469 943 3534 cui
966 3474 1042 3533 erat
1063 3467 1115 3531 in-

166 3570 344 3654 scriptum,

266 3703 374 3764 ‘Petra
387 3702 464 3762 dedit
477 3703 574 3775 Petro,
590 3703 693 3762 Petrus
707 3702 835 3761 diadema
849 3697 1018 3781 Radulpho.'

168 3840 274 3905 Hunc
304 3839 509 3922 sigifredus,
538 3838 733 3922 Magantia
767 3837 1056 3922 archiepiscopus,
1083 3839 1120 3903 in

201 4065 377 4145 {Luteraneact'
383 4061 406 4135 ;]
415 4065 469 4116 ior‘
478 4061 632 4116 Lauiranciss
658 4066 745 4148 places
755 4066 806 4115 this
817 4067 917 4116 council
927 4067 953 4116 in
964 4067 1006 4117 the
1017 4066 1122 4128 preced-

200 4199 324 4253 2Οοὶῑεσέο
335 4199 500 4264 Wormaeiae.]
512 4201 632 4252 Harduin
658 4150 705 4236 m}
713 4150 812 4268 ma]
830 4205 861 4253 In
872 4206 915 4255 the
926 4210 989 4267 text,
999 4206 1007 4234 ‘
1012 4199 1105 4266 juxte!

973 4304 1021 4348 02
