2820 4882
445 442 584 492 neonus
608 439 880 492 ursrorunauu.
1070 423 1135 488 261

186 616 248 677 pro
266 598 417 678 eoquod
441 599 539 662 nohis
560 598 695 662 curiose
719 598 936 674 ministrasti,
953 597 983 660 si
1006 599 1133 661 reverti
1147 612 1201 651 ΔΙ)
1213 614 1298 702 {¹¹⁵3th

187 697 336 760 volueris
367 698 412 761 ad
436 706 572 780 portam
605 717 709 780 quam
740 698 890 773 intrasti,
913 704 947 760 te
969 697 1133 761 ducemus
1145 662 1298 805 Quor

185 795 343 878 illaesum,
368 805 408 861 ut
434 798 623 880 gaudens
613 818 649 860 1n
675 798 802 860 mundo
829 798 927 861 vivas
958 805 993 860 et
1020 817 1132 875 omne,

185 875 277 977 quod
292 899 428 980 corpori
444 905 505 962 tuo
520 916 628 961 suave
645 905 711 974 est,
728 898 865 979 penitus
881 916 950 960 non
967 898 1132 963 amittas!

187 995 277 1060 Haec
291 997 368 1060 ideo
383 998 556 1061 daemones
567 998 744 1073 dixerunt,
756 998 838 1079 quia
853 1003 914 1060 aut
925 1004 1055 1061 terrore
1069 1006 1132 1065 aut

186 1095 361 1160 blanditiis
384 1097 541 1179 decipere
567 1098 771 1175 voluerunt;
798 1096 859 1160 sed
881 1096 980 1159 miles
1001 1096 1131 1163 Christi

185 1215 247 1260 nec
270 1199 401 1260 terrore
423 1197 632 1275 concutitur,
654 1217 717 1261 nec
739 1196 973 1260 blandimento
995 1197 1130 1282 seduci·

184 1304 253 1372 tur,
276 1297 358 1360 dum
385 1316 486 1379 aequo
510 1299 625 1361 animo
647 1297 698 1360 ita
717 1316 776 1360 eos
799 1297 1018 1378 contempsit,
1037 1298 1130 1379 quod

185 1397 291 1460 tacite
316 1397 438 1460 sedens
462 1416 525 1462 neo
551 1417 659 1461 unum
681 1398 824 1461 verbum
851 1397 1039 1478 respondit.
1078 1395 1129 1462 At

102 1553 107 1565 ,
183 1495 357 1560 daemones
373 1516 410 1560 se
427 1498 600 1560 contemni
615 1497 836 1579 indignantes
859 1516 981 1577 rogum
995 1498 1031 1559 in
1046 1498 1128 1562 aula

182 1595 334 1676 ingentis
361 1596 510 1660 incendii
527 1597 790 1674 succenderunt,
813 1603 848 1658 et
866 1616 987 1659 manus
1008 1597 1127 1663 militis

179 1696 355 1778 pedesque
376 1697 582 1778 colligantes
601 1698 637 1760 iu
659 1699 775 1778 ignem
798 1716 876 1759 eum
896 1696 1127 1780 projecerunt,

182 1796 279 1859 uncis
302 1795 422 1861 ferreis
444 1796 512 1861 huc
534 1797 686 1878 illucque
708 1816 770 1878 per
791 1796 985 1860 incendium
1012 1797 1125 1861 detra·

180 1894 322 1975 hentes3
346 1903 381 1960 et
398 1897 457 1959 ille
472 1897 509 1960 in
525 1898 640 1979 ignem
658 1897 796 1973 missus,
814 1916 891 1959 cum
908 1896 1004 1977 prius
1018 1915 1125 1978 grave

179 2002 386 2060 tormentum
409 1997 587 2074 sensisset,
609 2016 732 2060 nomen
759 1995 782 2059 J
785 2015 846 2060 esu
870 1994 999 2060 Christi
1024 1996 1124 2061 invo-

179 2097 283 2172 cavit,
307 2096 437 2175 dicens,
461 2096 511 2160 ‘J
514 2116 576 2160 esu
600 2095 750 2172 Christe,
773 2096 933 2158 miserere
954 2092 1044 2158 mei!
1067 2095 1123 2162 Ad

178 2194 241 2258 hoc
257 2216 396 2278 quoque
414 2215 538 2260 nomen
558 2196 752 2261 incendium
768 2196 844 2276 rogi
861 2195 912 2259 ita
931 2195 1123 2260 extinctum

178 2304 242 2372 est,
259 2303 299 2360 ut
314 2316 377 2360 nec
394 2297 502 2361 totius
524 2297 601 2377 rogi
620 2294 773 2359 scintilla
794 2295 896 2359 unica
917 2304 1121 2376 appareret;

178 2396 271 2476 quod
297 2414 440 2459 cernens
466 2395 564 2458 miles
592 2397 628 2458 in
652 2396 768 2458 animo
792 2395 984 2477 proposuit,
1000 2404 1040 2458 ut
1063 2415 1122 2460 eos

174 2494 362 2559 decaetero
385 2515 452 2559 non
470 2494 682 2572 formidaret,
698 2514 787 2577 quos
812 2496 973 2559 invocato
992 2493 1123 2562 Christi

176 2595 307 2659 anxilio
324 2595 416 2658 vinei
429 2595 624 2676 conspexit.

224 2771 273 2838 Do
288 2772 417 2836 sectando
425 2772 549 2857 poenali
567 2768 641 2849 loco,
659 2774 694 2837 in
708 2793 765 2857 quo
778 2771 865 2836 miles
876 2770 1065 2837 trahebatur.

235 2895 488 2978 Relinqucntes
514 2917 597 2961 vero
629 2898 743 2961 aulam
774 2897 948 2960 daemones
977 2895 1121 2959 militem

173 2995 302 3059 diutius
324 3015 387 3078 per
414 3003 551 3061 vastam
580 2999 756 3079 regionem
780 2996 954 3078 quandam
981 2996 1122 3058 detrax-

174 3102 286 3172 erunt,
309 3096 411 3177 nigra
433 3102 509 3160 erat
531 3104 624 3160 terra
638 3105 673 3161 et
687 3097 783 3177 regio
796 3097 1000 3173 tenebrosa3
1024 3100 1121 3156 trax-

174 3203 275 3259 erunt
292 3214 370 3258 eum
393 3196 567 3260 daemoncs
589 3197 671 3259 illuc
694 3202 786 3259 retro
809 3194 959 3270 tramite,
975 3212 1045 3275 quo
1066 3193 1120 3256 sol

174 3295 285 3359 oritur
302 3296 338 3358 in
361 3303 506 3373 aestate3
534 3314 602 3377 quo
621 3301 873 3371 convertentes,
891 3294 999 3376 coepit
1021 3293 1119 3356 miles

172 3395 272 3476 quasi
289 3395 387 3478 vulgi
409 3396 517 3460 totius
539 3395 631 3458 orbis
655 3395 799 3458 miseros
819 3394 972 3478 ejulatus
987 3393 1118 3459 audire.

171 3495 327 3559 Tandem
354 3515 376 3558 a
398 3492 612 3558 daemonibus
633 3501 766 3558 tractus
793 3495 829 3558 in
856 3512 1016 3576 campum
1039 3511 1118 3574 per-

170 3596 266 3662 venit
290 3596 433 3676 longum
457 3602 493 3659 et
513 3594 636 3671 latum,
660 3593 806 3659 miseriis
831 3613 872 3658 ao
899 3594 1017 3657 dolore
1040 3612 1118 3674 per·

170 3695 322 3775 plenum,
349 3695 448 3779 eujus
479 3695 659 3775 longitudo
685 3713 754 3756 non
778 3694 894 3776 potuit
921 3691 1117 3774 pervideri;

169 3813 312 3877 campus
332 3793 390 3858 ille
412 3795 608 3858 hominibus
642 3794 821 3875 utriusque
842 3813 948 3857 sexus
976 3800 1011 3856 et
1031 3797 1117 3855 aeta·

162 3894 214 3962 ‚tis
223 3894 370 3958 diversae
389 3895 490 3959 nudis
509 3895 595 3959 etin
612 3903 705 3958 terra
717 3893 927 3978 jacentibus
938 3890 1117 3956 ventribus

169 3993 329 4058 deorsum
361 3996 483 4072 versiS,
514 3995 637 4079 plenus
669 4000 755 4070 erat,
790 4012 935 4075 quorum
970 4010 1117 4073 corpora

167 4094 269 4158 simul
291 4102 326 4159 et
347 4097 511 4172 membra,
530 4095 638 4159 clavis
662 4093 780 4156 ferreis
800 4099 835 4154 et
853 4092 972 4172 ignitis
994 4092 1030 4158 in
1047 4097 1116 4154 ter·

169 4213 241 4258 ram
258 4205 370 4279 usque
387 4195 577 4271 transfixis,
592 4192 832 4257 miserabiliter
849 4194 1115 4274 torquebantur3
