2820 4882
176 855 231 895 Ad).
242 856 298 894 llio.

173 905 297 944 conditione

178 955 271 1002 otpeaos

175 1005 270 1042 between

175 1053 249 1101 lieury
258 1052 301 1091 and

176 1103 278 1142 ulchero.

336 381 403 444 442
592 396 727 443 aoonnr
752 395 799 441 nn
822 395 1029 442 wunnovnrr

408 623 450 688 Ut
464 645 518 687 rac
533 624 690 688 Haeserat
702 645 771 687 cum
786 622 1024 704 Biedurdofilio
1038 646 1091 689 suo
1100 645 1214 710 pacem

684 723 935 807 coactusfocerit.

340 894 342 898 -
389 840 536 911 Eodem¹
557 866 661 922 anno,
682 847 719 910 in
742 847 894 911 crastino
918 845 1120 910 festivitatis
1146 854 1288 927 aposto-

338 945 449 1009 lorum
466 945 565 1009 Petri
581 953 616 1009 et
631 945 747 1020 Pauli,
763 963 877 1009 comes
899 945 1074 1008 Flandriae
1090 943 1287 1028 Philippus,

338 1051 375 1108 ct
389 1044 597 1119 Willelmus,
611 1044 794 1108 Remensis
817 1043 1108 1126 archiepiscopus,
1119 1053 1155 1108 et
1164 1043 1288 1125 Hugo,

338 1143 411 1207 dux
433 1143 659 1224 Burgundiae,
676 1150 845 1208 venerunt
868 1142 961 1225 apud
986 1142 1137 1206 Saumur
1161 1143 1204 1205 ad
1232 1163 1287 1207 re·
1328 1192 1332 1199 .

339 1261 417 1323 gem
439 1241 633 1323 Anglorum
658 1242 703 1305 ad
728 1241 1000 1323 componendum
1028 1242 1120 1305 inter
1145 1261 1224 1304 eum
1251 1250 1288 1304 et

338 1360 455 1421 regem
481 1341 693 1404 Francorum
716 1347 752 1404 et
776 1339 1002 1416 Richardum,
1023 1341 1183 1404 comitem
1206 1339 1288 1404 Pic-

340 1444 509 1504 tavorum.
562 1439 701 1503 Habuit
721 1446 837 1503 autem
857 1458 972 1503 comes
993 1437 1189 1503 Richardus
1208 1440 1288 1502 Bri-

341 1543 439 1600 tones
464 1537 720 1602 confoederatos
746 1557 825 1601 cum
856 1537 1145 1612 PictaviensibuS,
1169 1538 1230 1620 qui
1266 1556 1288 1600 a

340 1654 422 1716 rege
465 1636 679 1701 Francorum
713 1637 833 1702 literas
870 1642 1030 1718 patentes
1069 1643 1287 1718 acceperant,

340 1735 432 1815 quod
460 1735 536 1817 ipse
557 1735 756 1800 nullatenus
776 1755 855 1799 curn
876 1732 1170 1815 rege,Anglorum
1192 1754 1287 1798 com-

340 1841 496 1915 poneret,
517 1834 584 1899 nisi
605 1841 641 1898 et
657 1835 724 1916 ipsi
741 1834 778 1897 in
794 1853 880 1916 pace
895 1833 1022 1897 suerint
1037 1834 1286 1916 comprehensi.

341 1931 481 1999 Interea
501 1952 583 2014 vero
610 1952 673 1996 rex
699 1933 909 1996 Francorum
936 1939 972 1997 et
999 1932 1207 2008 Richardus,
1229 1953 1287 1996 co·

341 2050 418 2103 mes,
431 2030 667 2108 Pictavorum,
684 2032 862 2097 civitatem
879 2031 1090 2095 Turonicam
1106 2031 1287 2096 obsidione

340 2131 531 2210 cingentes,
554 2130 714 2213 proximo
735 2130 791 2194 die
809 2129 920 2193 Lunae
945 2137 1027 2211 post
1049 2130 1175 2193 festum
1197 2150 1287 2211 prae-

337 2228 463 2302 fatum,
497 2237 665 2312 exparte
693 2228 829 2309 Ligeris
857 2228 1020 2305 fluminis,
1047 2248 1120 2310 prae
1145 2229 1288 2294 modici-

341 2333 414 2390 tate
431 2347 543 2409 aquae,
566 2328 669 2393 scalis
687 2346 785 2391 muro
805 2327 1001 2408 applicatis,
1018 2327 1187 2392 violenter
1204 2328 1290 2392 civi·

342 2432 450 2489 tatem
472 2436 636 2508 ceperunt
654 2426 740 2491 etin
756 2445 799 2490 ea
813 2427 941 2490 milites
960 2427 1144 2507 sexaginta
1163 2446 1287 2491 novem

341 2532 376 2586 et
404 2532 542 2588 centum
567 2526 769 2591 servientes.
821 2525 921 2589 Tunc
950 2545 1010 2588 rex
1031 2524 1226 2606 Anglorum
1251 2526 1288 2591 in

341 2629 438 2685 arcto
462 2623 672 2689 constitutus
696 2643 817 2706 pacem
835 2623 901 2687 sibi
922 2624 1158 2705 turpissimam
1173 2624 1288 2690 facere

341 2720 539 2802 compulsus
562 2729 615 2786 est
632 2723 668 2787 in
685 2723 776 2789 hunc
793 2722 953 2801 modnm;
989 2722 1070 2786 Rex
1092 2721 1287 2802 Anglorum

341 2839 379 2882 se
402 2820 518 2901 posuit
542 2841 587 2885 ex
612 2829 687 2886 toto
711 2821 747 2884 in
770 2821 913 2885 consilio
940 2822 1032 2902 regis
1062 2821 1287 2898 Francorum,

341 2918 393 2982 ita
409 2919 515 3000 quod,
534 2921 698 3002 quicquid
722 2920 813 2984 idem
833 2940 896 2984 rex
916 2919 1114 3002 provideret
1135 2920 1191 2984 vel
1214 2920 1287 2984 fieri

336 3016 522 3099 judicaret,
550 3039 612 3084 rex
634 3018 774 3102 Angliae
802 3019 876 3083 sine
898 3019 1169 3083 contradictione
1192 3038 1286 3083 com-

340 3117 462 3198 pleret.
516 3118 616 3182 Tunc
645 3138 708 3181 rex
739 3117 933 3200 Anglorum
964 3119 1038 3199 rogi
1073 3118 1286 3182 Francorum

341 3214 423 3280 fecit
439 3216 649 3297 homagium,
670 3217 752 3299 quia
768 3217 804 3279 in
829 3217 997 3297 principio
1022 3217 1126 3299 hujus
1150 3236 1286 3298 guerrae

340 3313 540 3397 homagium·
577 3335 677 3379 suurn
717 3315 914 3379 reddiderat
954 3316 1028 3396 regi
1060 3316 1286 3379 Francorum.

342 3412 526 3481 Provisum
537 3422 592 3479 est
600 3416 753 3497 insuper,
765 3422 805 3478 ut
813 3412 943 3490 Alesia,
956 3434 1054 3478 soror
1070 3414 1161 3494 regis
1175 3414 1287 3478 Frau-

341 3531 470 3590 corum,
497 3513 697 3579 redderetur
724 3515 759 3579 iu
783 3513 941 3577 custodia
962 3514 1098 3577 comitis
1119 3503 1312 3577 Richardi‘

341 3613 509 3693 usquead
532 3613 680 3676 reditum
698 3627 810 3675 suum·
823 3611 865 3674 de
887 3611 1163 3694 peregrinatione
1185 3621 1287 3675 terrae

340 3718 483 3788 sanctae,
496 3719 536 3776 ut
555 3718 640 3775 tunc
659 3711 755 3773 illam
775 3711 916 3774 duceret
932 3711 968 3773 in
988 3730 1145 3774 uxorem.
1198 3710 1286 3773 Pro-

339 3809 453 3872 visum
481 3816 534 3874 est
564 3811 681 3888 etiam,
708 3811 798 3894 quod
830 3829 945 3873 comes
970 3809 1167 3873 Richardus
1198 3810 1287 3873 acci-

339 3916 437 3989 peret
451 3909 614 3990 homagia
628 3909 804 3973 hominum
822 3910 864 3972 de
882 3909 1040 3971 omnibus
1057 3909 1157 3972 terris
1176 3908 1286 3989 patris

407 4124 516 4176 ¹Eodem
527 4127 610 4190 anea]
628 4128 761 4191 Hoveden,
772 4144 799 4189 p.
812 4132 875 4189 0533
890 4128 1020 4176 Benedici.
1033 4127 1100 4177 Abb.
1113 4143 1139 4188 p.
1152 4130 1209 4176 545.
