<?xml version="1.0" encoding="UTF-8"?>
<!DOCTYPE html PUBLIC "-//W3C//DTD XHTML 1.0 Transitional//EN"
    "http://www.w3.org/TR/xhtml1/DTD/xhtml1-transitional.dtd">
<html xmlns="http://www.w3.org/1999/xhtml" xml:lang="en" lang="en">
 <head>
  <title>
</title>
<meta http-equiv="Content-Type" content="text/html;charset=utf-8" />
  <meta name='ocr-system' content='tesseract 3.04.00' />
  <meta name='ocr-capabilities' content='ocr_page ocr_carea ocr_par ocr_line ocrx_word'/>
</head>
<body>
  <div class='ocr_page' id='page_1' title='image "./rogeridewendove01rogegoog_0375.png"; bbox 0 0 2820 4882; ppageno 0'>
   <div class='ocr_carea' id='block_1_1' title="bbox 350 395 1042 476">
    <p class='ocr_par' dir='ltr' id='par_1_1' title="bbox 350 395 1042 476">
     <span class='ocr_line' id='line_1_1' title="bbox 350 395 1042 476; baseline -0.004 -16"><span class='ocrx_word' id='word_1_1' title='bbox 350 395 416 460; x_wconf 80' lang='grc'>364</span> <span class='ocrx_word' id='word_1_2' title='bbox 605 410 740 458; x_wconf 76' lang='lat' dir='ltr'>uocum</span> <span class='ocrx_word' id='word_1_3' title='bbox 764 411 812 457; x_wconf 85' lang='lat' dir='ltr'>uu</span> <span class='ocrx_word' id='word_1_4' title='bbox 835 409 1042 476; x_wconf 83' lang='lat' dir='ltr'>wuuuovuu</span> 
     </span>
    </p>
   </div>
   <div class='ocr_carea' id='block_1_2' title="bbox 191 567 1307 3829">
    <p class='ocr_par' dir='ltr' id='par_1_2' title="bbox 191 567 1307 3829">
     <span class='ocr_line' id='line_1_2' title="bbox 191 567 1306 651; baseline -0.001 -18"><span class='ocrx_word' id='word_1_5' title='bbox 191 603 246 643; x_wconf 59' lang='lat' dir='ltr'>M),</span> <span class='ocrx_word' id='word_1_6' title='bbox 259 603 314 643; x_wconf 83' lang='lat' dir='ltr'>uu.</span> <span class='ocrx_word' id='word_1_7' title='bbox 352 568 497 650; x_wconf 83' lang='lat' dir='ltr'>diligere</span> <span class='ocrx_word' id='word_1_8' title='bbox 514 568 713 649; x_wconf 83' lang='lat' dir='ltr'>videretur3</span> <span class='ocrx_word' id='word_1_9' title='bbox 746 587 851 650; x_wconf 88' lang='lat' dir='ltr'>super</span> <span class='ocrx_word' id='word_1_10' title='bbox 870 568 935 631; x_wconf 96' lang='lat' dir='ltr'>hoc</span> <span class='ocrx_word' id='word_1_11' title='bbox 953 584 1092 651; x_wconf 93' lang='lat' dir='ltr'>quoque</span> <span class='ocrx_word' id='word_1_12' title='bbox 1115 587 1152 631; x_wconf 97' lang='lat' dir='ltr'>se</span> <span class='ocrx_word' id='word_1_13' title='bbox 1170 567 1306 651; x_wconf 90' lang='lat' dir='ltr'>judicio</span> 
     </span>
     <span class='ocr_line' id='line_1_3' title="bbox 353 666 1307 751; baseline -0.001 -19"><span class='ocrx_word' id='word_1_14' title='bbox 353 669 508 732; x_wconf 85' lang='lat' dir='ltr'>ecclesiae</span> <span class='ocrx_word' id='word_1_15' title='bbox 532 687 674 751; x_wconf 89' lang='lat' dir='ltr'>prorsus</span> <span class='ocrx_word' id='word_1_16' title='bbox 701 668 876 751; x_wconf 85' lang='lat' dir='ltr'><strong>exposuit,</strong></span> <span class='ocrx_word' id='word_1_17' title='bbox 901 675 938 731; x_wconf 91' lang='lat' dir='ltr'>et</span> <span class='ocrx_word' id='word_1_18' title='bbox 964 666 1140 731; x_wconf 90' lang='lat' dir='ltr'>humiliter</span> <span class='ocrx_word' id='word_1_19' title='bbox 1163 686 1201 732; x_wconf 88' lang='lat' dir='ltr'>se</span> <span class='ocrx_word' id='word_1_20' title='bbox 1228 687 1307 731; x_wconf 85' lang='lat' dir='ltr'>sus-</span> 
     </span>
     <span class='ocr_line' id='line_1_4' title="bbox 353 765 1306 851; baseline -0.002 -19"><span class='ocrx_word' id='word_1_21' title='bbox 353 775 534 851; x_wconf 87' lang='lat' dir='ltr'>cepturum</span> <span class='ocrx_word' id='word_1_22' title='bbox 575 767 739 849; x_wconf 92' lang='lat' dir='ltr'>quicquid</span> <span class='ocrx_word' id='word_1_23' title='bbox 776 768 813 830; x_wconf 93' lang='lat' dir='ltr'>in</span> <span class='ocrx_word' id='word_1_24' title='bbox 850 786 928 830; x_wconf 92' lang='lat' dir='ltr'>eum</span> <span class='ocrx_word' id='word_1_25' title='bbox 960 765 1049 831; x_wconf 89' lang='lat' dir='ltr'>foret</span> <span class='ocrx_word' id='word_1_26' title='bbox 1082 768 1306 831; x_wconf 89' lang='lat' dir='ltr'>statuendum</span> 
     </span>
     <span class='ocr_line' id='line_1_5' title="bbox 353 865 1304 947; baseline -0.001 -16"><span class='ocrx_word' id='word_1_27' title='bbox 353 867 538 932; x_wconf 84' lang='lat' dir='ltr'>salubriter</span> <span class='ocrx_word' id='word_1_28' title='bbox 567 866 814 947; x_wconf 85' lang='lat' dir='ltr'><strong>compromisit.</strong></span> <span class='ocrx_word' id='word_1_29' title='bbox 866 865 966 929; x_wconf 87' lang='lat' dir='ltr'>Misit</span> <span class='ocrx_word' id='word_1_30' title='bbox 987 884 1071 947; x_wconf 79' lang='lat' dir='ltr'>ergo</span> <span class='ocrx_word' id='word_1_31' title='bbox 1092 867 1233 930; x_wconf 85' lang='lat' dir='ltr'>nuntios</span> <span class='ocrx_word' id='word_1_32' title='bbox 1260 867 1304 930; x_wconf 94' lang='lat' dir='ltr'>ad</span> 
     </span>
     <span class='ocr_line' id='line_1_6' title="bbox 353 964 1305 1049; baseline -0.001 -19"><span class='ocrx_word' id='word_1_33' title='bbox 353 985 521 1030; x_wconf 91' lang='lat' dir='ltr'>summum</span> <span class='ocrx_word' id='word_1_34' title='bbox 544 965 754 1049; x_wconf 91' lang='lat' dir='ltr'>pontificem,</span> <span class='ocrx_word' id='word_1_35' title='bbox 774 964 834 1049; x_wconf 91' lang='lat' dir='ltr'>qui</span> <span class='ocrx_word' id='word_1_36' title='bbox 852 984 930 1028; x_wconf 93' lang='lat' dir='ltr'>eum</span> <span class='ocrx_word' id='word_1_37' title='bbox 947 972 1156 1028; x_wconf 84' lang='lat' dir='ltr'>excusarent</span> <span class='ocrx_word' id='word_1_38' title='bbox 1171 971 1207 1029; x_wconf 93' lang='lat' dir='ltr'>et</span> <span class='ocrx_word' id='word_1_39' title='bbox 1229 965 1305 1049; x_wconf 87' lang='lat' dir='ltr'>ejus</span> 
     </span>
     <span class='ocr_line' id='line_1_7' title="bbox 353 1057 1306 1147; baseline -0.001 -18"><span class='ocrx_word' id='word_1_40' title='bbox 353 1065 586 1129; x_wconf 85' lang='lat' dir='ltr'>innocentiam</span> <span class='ocrx_word' id='word_1_41' title='bbox 608 1064 811 1145; x_wconf 86' lang='lat' dir='ltr'>allegarent,</span> <span class='ocrx_word' id='word_1_42' title='bbox 827 1057 932 1146; x_wconf 83' lang='lat' dir='ltr'>¹quos</span> <span class='ocrx_word' id='word_1_43' title='bbox 947 1083 1011 1127; x_wconf 92' lang='lat' dir='ltr'>nec</span> <span class='ocrx_word' id='word_1_44' title='bbox 1030 1064 1190 1127; x_wconf 86' lang='lat' dir='ltr'>dominus</span> <span class='ocrx_word' id='word_1_45' title='bbox 1212 1083 1306 1147; x_wconf 87' lang='lat' dir='ltr'>papa</span> 
     </span>
     <span class='ocr_line' id='line_1_8' title="bbox 353 1161 1306 1251; baseline -0.001 -23"><span class='ocrx_word' id='word_1_46' title='bbox 353 1164 477 1251; x_wconf 85' lang='lat' dir='ltr'>videre</span> <span class='ocrx_word' id='word_1_47' title='bbox 492 1164 616 1242; x_wconf 85' lang='lat' dir='ltr'>voluit,</span> <span class='ocrx_word' id='word_1_48' title='bbox 638 1182 702 1227; x_wconf 92' lang='lat' dir='ltr'>nec</span> <span class='ocrx_word' id='word_1_49' title='bbox 725 1163 768 1226; x_wconf 93' lang='lat' dir='ltr'>ad</span> <span class='ocrx_word' id='word_1_50' title='bbox 792 1163 897 1246; x_wconf 89' lang='lat' dir='ltr'>pedes</span> <span class='ocrx_word' id='word_1_51' title='bbox 917 1161 973 1226; x_wconf 89' lang='lat' dir='ltr'>vel</span> <span class='ocrx_word' id='word_1_52' title='bbox 995 1163 1039 1227; x_wconf 91' lang='lat' dir='ltr'>ad</span> <span class='ocrx_word' id='word_1_53' title='bbox 1062 1164 1220 1227; x_wconf 89' lang='lat' dir='ltr'>osculum</span> <span class='ocrx_word' id='word_1_54' title='bbox 1243 1164 1306 1227; x_wconf 86' lang='lat' dir='ltr'>ad-</span> 
     </span>
     <span class='ocr_line' id='line_1_9' title="bbox 354 1262 1305 1346; baseline 0.001 -20"><span class='ocrx_word' id='word_1_55' title='bbox 354 1264 490 1328; x_wconf 85' lang='lat' dir='ltr'>mittere</span> <span class='ocrx_word' id='word_1_56' title='bbox 512 1264 744 1346; x_wconf 83' lang='lat' dir='ltr'>dignabatur;</span> <span class='ocrx_word' id='word_1_57' title='bbox 781 1262 841 1326; x_wconf 93' lang='lat' dir='ltr'>sed</span> <span class='ocrx_word' id='word_1_58' title='bbox 874 1262 1027 1339; x_wconf 91' lang='lat' dir='ltr'>nuntios,</span> <span class='ocrx_word' id='word_1_59' title='bbox 1048 1262 1120 1344; x_wconf 51' lang='lat' dir='ltr'>¹qui</span> <span class='ocrx_word' id='word_1_60' title='bbox 1151 1264 1305 1327; x_wconf 89' lang='lat' dir='ltr'>secundo</span> 
     </span>
     <span class='ocr_line' id='line_1_10' title="bbox 354 1362 1304 1446; baseline 0.001 -21"><span class='ocrx_word' id='word_1_61' title='bbox 354 1363 450 1427; x_wconf 91' lang='lat' dir='ltr'>missi</span> <span class='ocrx_word' id='word_1_62' title='bbox 461 1362 613 1440; x_wconf 89' lang='lat' dir='ltr'>suerunt,</span> <span class='ocrx_word' id='word_1_63' title='bbox 628 1362 734 1446; x_wconf 91' lang='lat' dir='ltr'>aliqui</span> <span class='ocrx_word' id='word_1_64' title='bbox 751 1362 975 1425; x_wconf 84' lang='lat' dir='ltr'>cardinalium</span> <span class='ocrx_word' id='word_1_65' title='bbox 994 1368 1234 1444; x_wconf 86' lang='lat' dir='ltr'>susceperunt,</span> <span class='ocrx_word' id='word_1_66' title='bbox 1244 1363 1304 1426; x_wconf 89' lang='lat' dir='ltr'>sed</span> 
     </span>
     <span class='ocr_line' id='line_1_11' title="bbox 353 1460 1307 1543; baseline 0 -17"><span class='ocrx_word' id='word_1_67' title='bbox 353 1463 469 1527; x_wconf 86' lang='lat' dir='ltr'>verbis</span> <span class='ocrx_word' id='word_1_68' title='bbox 499 1468 647 1526; x_wconf 91' lang='lat' dir='ltr'>tantum.</span> <span class='ocrx_word' id='word_1_69' title='bbox 705 1460 866 1526; x_wconf 89' lang='lat' dir='ltr'>Instante</span> <span class='ocrx_word' id='word_1_70' title='bbox 894 1460 1033 1525; x_wconf 90' lang='lat' dir='ltr'>tandem</span> <span class='ocrx_word' id='word_1_71' title='bbox 1065 1461 1188 1543; x_wconf 85' lang='lat' dir='ltr'>quinta</span> <span class='ocrx_word' id='word_1_72' title='bbox 1218 1460 1307 1526; x_wconf 89' lang='lat' dir='ltr'>feria</span> 
     </span>
     <span class='ocr_line' id='line_1_12' title="bbox 354 1559 1306 1644; baseline 0 -19"><span class='ocrx_word' id='word_1_73' title='bbox 354 1568 435 1625; x_wconf 85' lang='lat' dir='ltr'>ante</span> <span class='ocrx_word' id='word_1_74' title='bbox 464 1559 614 1638; x_wconf 89' lang='lat' dir='ltr'>Pascha,</span> <span class='ocrx_word' id='word_1_75' title='bbox 631 1562 675 1625; x_wconf 71' lang='lat' dir='ltr'>&#39;iu</span> <span class='ocrx_word' id='word_1_76' title='bbox 703 1561 839 1644; x_wconf 90' lang='lat' dir='ltr'>quade</span> <span class='ocrx_word' id='word_1_77' title='bbox 867 1560 1114 1624; x_wconf 88' lang='lat' dir='ltr'>consuetudine</span> <span class='ocrx_word' id='word_1_78' title='bbox 1134 1559 1306 1625; x_wconf 86' lang='lat' dir='ltr'>Romanae</span> 
     </span>
     <span class='ocr_line' id='line_1_13' title="bbox 354 1659 1306 1743; baseline -0.001 -19"><span class='ocrx_word' id='word_1_79' title='bbox 354 1659 525 1724; x_wconf 71' lang='lat' dir='ltr'>ecclesiae,</span> <span class='ocrx_word' id='word_1_80' title='bbox 543 1659 633 1724; x_wconf 88' lang='lat' dir='ltr'>solet</span> <span class='ocrx_word' id='word_1_81' title='bbox 655 1669 757 1743; x_wconf 89' lang='lat' dir='ltr'>papa</span> <span class='ocrx_word' id='word_1_82' title='bbox 785 1660 921 1742; x_wconf 90' lang='lat' dir='ltr'>publice</span> <span class='ocrx_word' id='word_1_83' title='bbox 939 1660 1007 1723; x_wconf 82' lang='lat' dir='ltr'>&#39;vel</span> <span class='ocrx_word' id='word_1_84' title='bbox 1036 1660 1217 1724; x_wconf 87' lang='lat' dir='ltr'>absolvere</span> <span class='ocrx_word' id='word_1_85' title='bbox 1251 1661 1306 1724; x_wconf 89' lang='lat' dir='ltr'>vel</span> 
     </span>
     <span class='ocr_line' id='line_1_14' title="bbox 354 1759 1304 1842; baseline 0.001 -20"><span class='ocrx_word' id='word_1_86' title='bbox 354 1759 663 1836; x_wconf 86' lang='lat' dir='ltr'>excommunicare,</span> <span class='ocrx_word' id='word_1_87' title='bbox 690 1759 896 1842; x_wconf 91' lang='lat' dir='ltr'>quibusdam</span> <span class='ocrx_word' id='word_1_88' title='bbox 910 1759 1049 1823; x_wconf 72' lang='lat' dir='ltr'>vdomini</span> <span class='ocrx_word' id='word_1_89' title='bbox 1074 1777 1175 1841; x_wconf 89' lang='lat' dir='ltr'>papae</span> <span class='ocrx_word' id='word_1_90' title='bbox 1199 1759 1304 1824; x_wconf 91' lang='lat' dir='ltr'>silen-</span> 
     </span>
     <span class='ocr_line' id='line_1_15' title="bbox 354 1858 1305 1941; baseline 0.002 -20"><span class='ocrx_word' id='word_1_91' title='bbox 354 1859 466 1922; x_wconf 90' lang='lat' dir='ltr'>tiariis</span> <span class='ocrx_word' id='word_1_92' title='bbox 492 1858 535 1923; x_wconf 93' lang='lat' dir='ltr'>ad</span> <span class='ocrx_word' id='word_1_93' title='bbox 564 1878 665 1923; x_wconf 89' lang='lat' dir='ltr'>aures</span> <span class='ocrx_word' id='word_1_94' title='bbox 690 1859 889 1923; x_wconf 90' lang='lat' dir='ltr'>nuntiorum</span> <span class='ocrx_word' id='word_1_95' title='bbox 919 1859 1011 1940; x_wconf 80' lang='lat' dir='ltr'>regis</span> <span class='ocrx_word' id='word_1_96' title='bbox 1039 1858 1305 1941; x_wconf 84' lang='lat' dir='ltr'>perferentibus,</span> 
     </span>
     <span class='ocr_line' id='line_1_16' title="bbox 352 1958 1305 2042; baseline 0.002 -21"><span class='ocrx_word' id='word_1_97' title='bbox 352 1958 504 2036; x_wconf 90' lang='lat' dir='ltr'>devenit,</span> <span class='ocrx_word' id='word_1_98' title='bbox 525 1959 617 2040; x_wconf 94' lang='lat' dir='ltr'>quod</span> <span class='ocrx_word' id='word_1_99' title='bbox 637 1977 730 2042; x_wconf 94' lang='lat' dir='ltr'>papa</span> <span class='ocrx_word' id='word_1_100' title='bbox 749 1958 868 2022; x_wconf 90' lang='lat' dir='ltr'>eodem</span> <span class='ocrx_word' id='word_1_101' title='bbox 895 1958 951 2022; x_wconf 91' lang='lat' dir='ltr'>die</span> <span class='ocrx_word' id='word_1_102' title='bbox 975 1958 1176 2023; x_wconf 88' lang='lat' dir='ltr'>decreverat</span> <span class='ocrx_word' id='word_1_103' title='bbox 1197 1959 1234 2021; x_wconf 90' lang='lat' dir='ltr'>in</span> <span class='ocrx_word' id='word_1_104' title='bbox 1250 1979 1305 2023; x_wconf 89' lang='lat' dir='ltr'>re-</span> 
     </span>
     <span class='ocr_line' id='line_1_17' title="bbox 352 2056 1304 2139; baseline 0.001 -18"><span class='ocrx_word' id='word_1_105' title='bbox 352 2076 430 2139; x_wconf 80' lang='lat' dir='ltr'>gem</span> <span class='ocrx_word' id='word_1_106' title='bbox 460 2056 599 2139; x_wconf 83' lang='lat' dir='ltr'>Angliae</span> <span class='ocrx_word' id='word_1_107' title='bbox 629 2058 845 2135; x_wconf 89' lang='lat' dir='ltr'>nominatim,</span> <span class='ocrx_word' id='word_1_108' title='bbox 870 2065 914 2120; x_wconf 86' lang='lat' dir='ltr'>¹et</span> <span class='ocrx_word' id='word_1_109' title='bbox 942 2058 979 2120; x_wconf 90' lang='lat' dir='ltr'>in</span> <span class='ocrx_word' id='word_1_110' title='bbox 1009 2057 1184 2121; x_wconf 69' lang='lat' dir='ltr'>omnibus-¹</span> <span class='ocrx_word' id='word_1_111' title='bbox 1201 2058 1304 2122; x_wconf 84' lang='lat' dir='ltr'>terris</span> 
     </span>
     <span class='ocr_line' id='line_1_18' title="bbox 352 2156 1306 2238; baseline 0.002 -19"><span class='ocrx_word' id='word_1_112' title='bbox 352 2158 437 2235; x_wconf 88' lang='lat' dir='ltr'>suis,</span> <span class='ocrx_word' id='word_1_113' title='bbox 455 2157 497 2220; x_wconf 92' lang='lat' dir='ltr'>de</span> <span class='ocrx_word' id='word_1_114' title='bbox 513 2157 686 2220; x_wconf 92' lang='lat' dir='ltr'>communi</span> <span class='ocrx_word' id='word_1_115' title='bbox 702 2157 848 2221; x_wconf 81' lang='lat' dir='ltr'>fratrum</span> <span class='ocrx_word' id='word_1_116' title='bbox 865 2176 1006 2220; x_wconf 90' lang='lat' dir='ltr'>suorum</span> <span class='ocrx_word' id='word_1_117' title='bbox 1029 2156 1174 2238; x_wconf 85' lang='lat' dir='ltr'>consilio</span> <span class='ocrx_word' id='word_1_118' title='bbox 1196 2158 1306 2221; x_wconf 88' lang='lat' dir='ltr'>inter·</span> 
     </span>
     <span class='ocr_line' id='line_1_19' title="bbox 352 2255 1304 2339; baseline 0.003 -20"><span class='ocrx_word' id='word_1_119' title='bbox 352 2256 436 2321; x_wconf 93' lang='lat' dir='ltr'>dicti</span> <span class='ocrx_word' id='word_1_120' title='bbox 455 2256 544 2319; x_wconf 87' lang='lat' dir='ltr'>ferre</span> <span class='ocrx_word' id='word_1_121' title='bbox 570 2257 788 2334; x_wconf 87' lang='lat' dir='ltr'>sententiam,</span> <span class='ocrx_word' id='word_1_122' title='bbox 813 2263 849 2320; x_wconf 93' lang='lat' dir='ltr'>et</span> <span class='ocrx_word' id='word_1_123' title='bbox 873 2275 961 2333; x_wconf 91' lang='lat' dir='ltr'>eam,</span> <span class='ocrx_word' id='word_1_124' title='bbox 986 2276 1065 2339; x_wconf 87' lang='lat' dir='ltr'>quae</span> <span class='ocrx_word' id='word_1_125' title='bbox 1090 2255 1165 2320; x_wconf 90' lang='lat' dir='ltr'>lata</span> <span class='ocrx_word' id='word_1_126' title='bbox 1190 2256 1304 2322; x_wconf 89' lang='lat' dir='ltr'>fuerat</span> 
     </span>
     <span class='ocr_line' id='line_1_20' title="bbox 352 2353 1303 2438; baseline 0.003 -21"><span class='ocrx_word' id='word_1_127' title='bbox 352 2354 389 2419; x_wconf 94' lang='lat' dir='ltr'>in</span> <span class='ocrx_word' id='word_1_128' title='bbox 407 2355 700 2438; x_wconf 89' lang='lat' dir='ltr'>archiepiscopum</span> <span class='ocrx_word' id='word_1_129' title='bbox 724 2356 976 2420; x_wconf 90' lang='lat' dir='ltr'>Eboracensem</span> <span class='ocrx_word' id='word_1_130' title='bbox 999 2362 1035 2419; x_wconf 93' lang='lat' dir='ltr'>et</span> <span class='ocrx_word' id='word_1_131' title='bbox 1057 2355 1145 2419; x_wconf 89' lang='lat' dir='ltr'>alios</span> <span class='ocrx_word' id='word_1_132' title='bbox 1161 2353 1303 2437; x_wconf 80' lang='lat' dir='ltr'>Angliae</span> 
     </span>
     <span class='ocr_line' id='line_1_21' title="bbox 352 2455 1304 2538; baseline 0.002 -20"><span class='ocrx_word' id='word_1_133' title='bbox 352 2457 544 2538; x_wconf 62' lang='lat' dir='ltr'>episcopos</span> <span class='ocrx_word' id='word_1_134' title='bbox 562 2455 777 2519; x_wconf 87' lang='lat' dir='ltr'>confirmare.</span> <span class='ocrx_word' id='word_1_135' title='bbox 829 2455 886 2518; x_wconf 93' lang='lat' dir='ltr'>Sic</span> <span class='ocrx_word' id='word_1_136' title='bbox 904 2455 1017 2520; x_wconf 90' lang='lat' dir='ltr'>nuntii</span> <span class='ocrx_word' id='word_1_137' title='bbox 1032 2455 1124 2536; x_wconf 84' lang='lat' dir='ltr'>regis</span> <span class='ocrx_word' id='word_1_138' title='bbox 1145 2455 1182 2518; x_wconf 93' lang='lat' dir='ltr'>in</span> <span class='ocrx_word' id='word_1_139' title='bbox 1205 2463 1304 2520; x_wconf 86' lang='lat' dir='ltr'>arcto</span> 
     </span>
     <span class='ocr_line' id='line_1_22' title="bbox 352 2554 1302 2637; baseline 0.001 -20"><span class='ocrx_word' id='word_1_140' title='bbox 352 2555 470 2637; x_wconf 88' lang='lat' dir='ltr'>positi,</span> <span class='ocrx_word' id='word_1_141' title='bbox 485 2554 689 2637; x_wconf 90' lang='lat' dir='ltr'>quibusdam</span> <span class='ocrx_word' id='word_1_142' title='bbox 705 2554 945 2619; x_wconf 88' lang='lat' dir='ltr'>cardinalibus</span> <span class='ocrx_word' id='word_1_143' title='bbox 955 2554 1092 2618; x_wconf 91' lang='lat' dir='ltr'>domino</span> <span class='ocrx_word' id='word_1_144' title='bbox 1104 2573 1205 2637; x_wconf 86' lang='lat' dir='ltr'>papae</span> <span class='ocrx_word' id='word_1_145' title='bbox 1218 2574 1302 2637; x_wconf 85' lang='lat' dir='ltr'>sug-</span> 
     </span>
     <span class='ocr_line' id='line_1_23' title="bbox 353 2651 1302 2736; baseline 0.001 -20"><span class='ocrx_word' id='word_1_146' title='bbox 353 2653 565 2734; x_wconf 78' lang='lat' dir='ltr'>gerentibuS,</span> <span class='ocrx_word' id='word_1_147' title='bbox 588 2654 681 2736; x_wconf 94' lang='lat' dir='ltr'>quod</span> <span class='ocrx_word' id='word_1_148' title='bbox 703 2654 807 2717; x_wconf 92' lang='lat' dir='ltr'>iidem</span> <span class='ocrx_word' id='word_1_149' title='bbox 830 2654 942 2718; x_wconf 92' lang='lat' dir='ltr'>nuntii</span> <span class='ocrx_word' id='word_1_150' title='bbox 964 2672 987 2717; x_wconf 87' lang='lat' dir='ltr'>a</span> <span class='ocrx_word' id='word_1_151' title='bbox 1009 2673 1090 2734; x_wconf 81' lang='lat' dir='ltr'>rege</span> <span class='ocrx_word' id='word_1_152' title='bbox 1105 2651 1302 2736; x_wconf 83' lang='lat' dir='ltr'>Anglorum</span> 
     </span>
     <span class='ocr_line' id='line_1_24' title="bbox 352 2751 1303 2836; baseline 0.001 -21"><span class='ocrx_word' id='word_1_153' title='bbox 352 2759 559 2835; x_wconf 89' lang='lat' dir='ltr'>acceperant</span> <span class='ocrx_word' id='word_1_154' title='bbox 580 2753 617 2816; x_wconf 92' lang='lat' dir='ltr'>in</span> <span class='ocrx_word' id='word_1_155' title='bbox 636 2753 821 2830; x_wconf 91' lang='lat' dir='ltr'>mandatis,</span> <span class='ocrx_word' id='word_1_156' title='bbox 846 2760 885 2817; x_wconf 92' lang='lat' dir='ltr'>ut</span> <span class='ocrx_word' id='word_1_157' title='bbox 905 2752 1064 2836; x_wconf 86' lang='lat' dir='ltr'>jurarent</span> <span class='ocrx_word' id='word_1_158' title='bbox 1092 2772 1209 2834; x_wconf 82' lang='lat' dir='ltr'>regem</span> <span class='ocrx_word' id='word_1_159' title='bbox 1227 2751 1303 2816; x_wconf 88' lang='lat' dir='ltr'>An-</span> 
     </span>
     <span class='ocr_line' id='line_1_25' title="bbox 352 2851 1306 2936; baseline 0.004 -22"><span class='ocrx_word' id='word_1_160' title='bbox 352 2852 488 2934; x_wconf 84' lang='lat' dir='ltr'>glorum</span> <span class='ocrx_word' id='word_1_161' title='bbox 513 2852 588 2936; x_wconf 89' lang='lat' dir='ltr'>ejus</span> <span class='ocrx_word' id='word_1_162' title='bbox 617 2859 651 2916; x_wconf 89' lang='lat' dir='ltr'>et</span> <span class='ocrx_word' id='word_1_163' title='bbox 677 2851 901 2917; x_wconf 89' lang='lat' dir='ltr'>cardinalium</span> <span class='ocrx_word' id='word_1_164' title='bbox 921 2851 1054 2936; x_wconf 90' lang='lat' dir='ltr'>judicio</span> <span class='ocrx_word' id='word_1_165' title='bbox 1075 2857 1249 2916; x_wconf 86' lang='lat' dir='ltr'>staturum</span> <span class='ocrx_word' id='word_1_166' title='bbox 1268 2860 1306 2918; x_wconf 93' lang='lat' dir='ltr'>et</span> 
     </span>
     <span class='ocr_line' id='line_1_26' title="bbox 352 2951 1305 3034; baseline 0.003 -21"><span class='ocrx_word' id='word_1_167' title='bbox 352 2971 413 3034; x_wconf 89' lang='lat' dir='ltr'>per</span> <span class='ocrx_word' id='word_1_168' title='bbox 439 2951 554 3015; x_wconf 91' lang='lat' dir='ltr'>omnia</span> <span class='ocrx_word' id='word_1_169' title='bbox 576 2952 790 3034; x_wconf 82' lang='lat' dir='ltr'>pariturum3</span> <span class='ocrx_word' id='word_1_170' title='bbox 823 2952 917 3015; x_wconf 87' lang='lat' dir='ltr'>sicut</span> <span class='ocrx_word' id='word_1_171' title='bbox 942 2951 1046 3014; x_wconf 89' lang='lat' dir='ltr'>etiam</span> <span class='ocrx_word' id='word_1_172' title='bbox 1072 2951 1184 3015; x_wconf 90' lang='lat' dir='ltr'>nuntii</span> <span class='ocrx_word' id='word_1_173' title='bbox 1210 2952 1305 3034; x_wconf 81' lang='lat' dir='ltr'>regis</span> 
     </span>
     <span class='ocr_line' id='line_1_27' title="bbox 351 3050 1304 3135; baseline 0.001 -20"><span class='ocrx_word' id='word_1_174' title='bbox 351 3050 537 3133; x_wconf 88' lang='lat' dir='ltr'>petierunt,</span> <span class='ocrx_word' id='word_1_175' title='bbox 552 3052 602 3115; x_wconf 92' lang='lat' dir='ltr'>ita</span> <span class='ocrx_word' id='word_1_176' title='bbox 611 3051 820 3135; x_wconf 86' lang='lat' dir='ltr'>juraverunt</span> <span class='ocrx_word' id='word_1_177' title='bbox 843 3057 878 3115; x_wconf 93' lang='lat' dir='ltr'>et</span> <span class='ocrx_word' id='word_1_178' title='bbox 899 3050 1073 3114; x_wconf 88' lang='lat' dir='ltr'>interdicti</span> <span class='ocrx_word' id='word_1_179' title='bbox 1095 3053 1304 3116; x_wconf 90' lang='lat' dir='ltr'>sententiam</span> 
     </span>
     <span class='ocr_line' id='line_1_28' title="bbox 351 3149 1304 3235; baseline 0.002 -22"><span class='ocrx_word' id='word_1_180' title='bbox 351 3150 580 3215; x_wconf 89' lang='lat' dir='ltr'>declinarunt.</span> <span class='ocrx_word' id='word_1_181' title='bbox 633 3149 759 3214; x_wconf 92' lang='lat' dir='ltr'>Nuntii</span> <span class='ocrx_word' id='word_1_182' title='bbox 777 3170 859 3214; x_wconf 90' lang='lat' dir='ltr'>vero</span> <span class='ocrx_word' id='word_1_183' title='bbox 881 3149 1110 3214; x_wconf 84' lang='lat' dir='ltr'>Eboracensis</span> <span class='ocrx_word' id='word_1_184' title='bbox 1132 3150 1304 3235; x_wconf 87' lang='lat' dir='ltr'>archiepi-</span> 
     </span>
     <span class='ocr_line' id='line_1_29' title="bbox 352 3247 1303 3333; baseline 0.001 -20"><span class='ocrx_word' id='word_1_185' title='bbox 352 3248 449 3331; x_wconf 85' lang='lat' dir='ltr'>scopi</span> <span class='ocrx_word' id='word_1_186' title='bbox 476 3256 511 3313; x_wconf 92' lang='lat' dir='ltr'>et</span> <span class='ocrx_word' id='word_1_187' title='bbox 534 3250 682 3313; x_wconf 89' lang='lat' dir='ltr'>aliorum</span> <span class='ocrx_word' id='word_1_188' title='bbox 709 3250 949 3333; x_wconf 90' lang='lat' dir='ltr'>episcoporum</span> <span class='ocrx_word' id='word_1_189' title='bbox 974 3247 1114 3331; x_wconf 85' lang='lat' dir='ltr'>Angliae</span> <span class='ocrx_word' id='word_1_190' title='bbox 1137 3249 1303 3314; x_wconf 88' lang='lat' dir='ltr'>idemfe-</span> 
     </span>
     <span class='ocr_line' id='line_1_30' title="bbox 352 3348 1306 3435; baseline 0.002 -22"><span class='ocrx_word' id='word_1_191' title='bbox 352 3355 483 3413; x_wconf 89' lang='lat' dir='ltr'>cerunt.</span> <span class='ocrx_word' id='word_1_192' title='bbox 536 3348 667 3413; x_wconf 92' lang='lat' dir='ltr'>Eodem</span> <span class='ocrx_word' id='word_1_193' title='bbox 696 3356 770 3413; x_wconf 94' lang='lat' dir='ltr'>tum</span> <span class='ocrx_word' id='word_1_194' title='bbox 796 3350 853 3413; x_wconf 92' lang='lat' dir='ltr'>die</span> <span class='ocrx_word' id='word_1_195' title='bbox 871 3368 965 3432; x_wconf 91' lang='lat' dir='ltr'>papa</span> <span class='ocrx_word' id='word_1_196' title='bbox 990 3349 1306 3435; x_wconf 84' lang='lat' dir='ltr'>excommunicavit</span> 
     </span>
     <span class='ocr_line' id='line_1_31' title="bbox 352 3447 1304 3526; baseline 0.002 -15"><span class='ocrx_word' id='word_1_197' title='bbox 352 3448 635 3512; x_wconf 88' lang='lat' dir='ltr'>sceleratissimos</span> <span class='ocrx_word' id='word_1_198' title='bbox 651 3448 888 3513; x_wconf 83' lang='lat' dir='ltr'>interfectores</span> <span class='ocrx_word' id='word_1_199' title='bbox 911 3449 1005 3512; x_wconf 93' lang='lat' dir='ltr'>beati</span> <span class='ocrx_word' id='word_1_200' title='bbox 1026 3447 1183 3526; x_wconf 83' lang='lat' dir='ltr'>Thomae,</span> <span class='ocrx_word' id='word_1_201' title='bbox 1209 3449 1304 3513; x_wconf 82' lang='lat' dir='ltr'>Gan-</span> 
     </span>
     <span class='ocr_line' id='line_1_32' title="bbox 352 3546 1305 3631; baseline 0.001 -19"><span class='ocrx_word' id='word_1_202' title='bbox 352 3548 537 3612; x_wconf 90' lang='lat' dir='ltr'>tuariensis</span> <span class='ocrx_word' id='word_1_203' title='bbox 567 3546 815 3631; x_wconf 89' lang='lat' dir='ltr'>archiepiscopi</span> <span class='ocrx_word' id='word_1_204' title='bbox 848 3555 883 3611; x_wconf 93' lang='lat' dir='ltr'>et</span> <span class='ocrx_word' id='word_1_205' title='bbox 910 3548 1084 3630; x_wconf 90' lang='lat' dir='ltr'>martyris,</span> <span class='ocrx_word' id='word_1_206' title='bbox 1116 3554 1152 3612; x_wconf 93' lang='lat' dir='ltr'>et</span> <span class='ocrx_word' id='word_1_207' title='bbox 1184 3568 1305 3614; x_wconf 90' lang='lat' dir='ltr'>omnes</span> 
     </span>
     <span class='ocr_line' id='line_1_33' title="bbox 352 3646 1305 3730; baseline 0.003 -21"><span class='ocrx_word' id='word_1_208' title='bbox 352 3647 411 3728; x_wconf 92' lang='lat' dir='ltr'>qui</span> <span class='ocrx_word' id='word_1_209' title='bbox 433 3646 627 3724; x_wconf 91' lang='lat' dir='ltr'>consilium,</span> <span class='ocrx_word' id='word_1_210' title='bbox 653 3647 822 3710; x_wconf 83' lang='lat' dir='ltr'>auxilium</span> <span class='ocrx_word' id='word_1_211' title='bbox 848 3647 903 3711; x_wconf 88' lang='lat' dir='ltr'>vel</span> <span class='ocrx_word' id='word_1_212' title='bbox 934 3666 1138 3711; x_wconf 90' lang='lat' dir='ltr'>consensum</span> <span class='ocrx_word' id='word_1_213' title='bbox 1164 3650 1305 3730; x_wconf 88' lang='lat' dir='ltr'>praebu-</span> 
     </span>
     <span class='ocr_line' id='line_1_34' title="bbox 352 3746 1307 3829; baseline 0.003 -20"><span class='ocrx_word' id='word_1_214' title='bbox 352 3752 467 3822; x_wconf 87' lang='lat' dir='ltr'>erunt,</span> <span class='ocrx_word' id='word_1_215' title='bbox 487 3752 523 3810; x_wconf 90' lang='lat' dir='ltr'>et</span> <span class='ocrx_word' id='word_1_216' title='bbox 547 3764 666 3809; x_wconf 88' lang='lat' dir='ltr'>omnes</span> <span class='ocrx_word' id='word_1_217' title='bbox 689 3747 749 3828; x_wconf 92' lang='lat' dir='ltr'>qui</span> <span class='ocrx_word' id='word_1_218' title='bbox 774 3765 834 3810; x_wconf 90' lang='lat' dir='ltr'>eos</span> <span class='ocrx_word' id='word_1_219' title='bbox 857 3746 894 3809; x_wconf 92' lang='lat' dir='ltr'>in</span> <span class='ocrx_word' id='word_1_220' title='bbox 912 3753 1005 3810; x_wconf 89' lang='lat' dir='ltr'>terra</span> <span class='ocrx_word' id='word_1_221' title='bbox 1027 3765 1093 3810; x_wconf 87' lang='lat' dir='ltr'>sua</span> <span class='ocrx_word' id='word_1_222' title='bbox 1111 3746 1307 3829; x_wconf 89' lang='lat' dir='ltr'>reciperent</span> 
     </span>
    </p>
   </div>
   <div class='ocr_carea' id='block_1_3' title="bbox 350 3967 1307 4240">
    <p class='ocr_par' dir='ltr' id='par_1_3' title="bbox 350 3967 1307 4240">
     <span class='ocr_line' id='line_1_35' title="bbox 388 3967 1305 4031; baseline -0.001 -12"><span class='ocrx_word' id='word_1_223' title='bbox 388 3970 469 4027; x_wconf 81' lang='lat' dir='ltr'>¹Quoa</span> <span class='ocrx_word' id='word_1_224' title='bbox 484 3983 527 4018; x_wconf 82' lang='lat' dir='ltr'>uec</span> <span class='ocrx_word' id='word_1_225' title='bbox 540 3969 649 4018; x_wconf 72' lang='lat' dir='ltr'>domim</span> <span class='ocrx_word' id='word_1_226' title='bbox 660 3983 724 4031; x_wconf 86' lang='lat' dir='ltr'>popu</span> <span class='ocrx_word' id='word_1_227' title='bbox 734 3967 815 4016; x_wconf 83' lang='lat' dir='ltr'>ridere</span> <span class='ocrx_word' id='word_1_228' title='bbox 838 3968 889 4016; x_wconf 87' lang='lat' dir='ltr'>aud</span> <span class='ocrx_word' id='word_1_229' title='bbox 904 3967 1042 4029; x_wconf 87' lang='lat' dir='ltr'>reception,</span> <span class='ocrx_word' id='word_1_230' title='bbox 1058 3981 1118 4030; x_wconf 86' lang='lat' dir='ltr'>may</span> <span class='ocrx_word' id='word_1_231' title='bbox 1129 3969 1163 4018; x_wconf 90' lang='lat' dir='ltr'>be</span> <span class='ocrx_word' id='word_1_232' title='bbox 1180 3969 1260 4018; x_wconf 83' lang='lat' dir='ltr'>found</span> <span class='ocrx_word' id='word_1_233' title='bbox 1276 3971 1305 4018; x_wconf 92' lang='lat' dir='ltr'>in</span> 
     </span>
     <span class='ocr_line' id='line_1_36' title="bbox 351 4037 1307 4104; baseline 0.003 -16"><span class='ocrx_word' id='word_1_234' title='bbox 351 4040 457 4102; x_wconf 70' lang='lat' dir='ltr'>voluit]</span> <span class='ocrx_word' id='word_1_235' title='bbox 485 4039 510 4086; x_wconf 90' lang='lat' dir='ltr'><strong>A</strong></span> <span class='ocrx_word' id='word_1_236' title='bbox 528 4038 682 4088; x_wconf 81' lang='lat' dir='ltr'>letterfrom</span> <span class='ocrx_word' id='word_1_237' title='bbox 701 4037 743 4086; x_wconf 86' lang='lat' dir='ltr'>the</span> <span class='ocrx_word' id='word_1_238' title='bbox 757 4037 814 4085; x_wconf 86' lang='lat' dir='ltr'>four</span> <span class='ocrx_word' id='word_1_239' title='bbox 838 4038 880 4086; x_wconf 89' lang='lat' dir='ltr'>the</span> <span class='ocrx_word' id='word_1_240' title='bbox 895 4037 950 4086; x_wconf 86' lang='lat' dir='ltr'>fifth</span> <span class='ocrx_word' id='word_1_241' title='bbox 965 4037 1032 4086; x_wconf 85' lang='lat' dir='ltr'>book</span> <span class='ocrx_word' id='word_1_242' title='bbox 1048 4037 1077 4086; x_wconf 87' lang='lat' dir='ltr'>of</span> <span class='ocrx_word' id='word_1_243' title='bbox 1090 4038 1133 4104; x_wconf 85' lang='lat' dir='ltr'>the</span> <span class='ocrx_word' id='word_1_244' title='bbox 1149 4037 1247 4103; x_wconf 83' lang='lat' dir='ltr'>letters,</span> <span class='ocrx_word' id='word_1_245' title='bbox 1263 4054 1307 4102; x_wconf 85' lang='lat' dir='ltr'>ep.</span> 
     </span>
     <span class='ocr_line' id='line_1_37' title="bbox 350 4107 939 4175; baseline 0.003 -19"><span class='ocrx_word' id='word_1_246' title='bbox 350 4109 527 4175; x_wconf 80' lang='lat' dir='ltr'>ambaesadors</span> <span class='ocrx_word' id='word_1_247' title='bbox 538 4109 596 4158; x_wconf 90' lang='lat' dir='ltr'>who</span> <span class='ocrx_word' id='word_1_248' title='bbox 604 4107 714 4156; x_wconf 85' lang='lat' dir='ltr'>reached</span> <span class='ocrx_word' id='word_1_249' title='bbox 726 4108 814 4167; x_wconf 88' lang='lat' dir='ltr'>Rome,</span> <span class='ocrx_word' id='word_1_250' title='bbox 838 4107 939 4158; x_wconf 80' lang='lat' dir='ltr'>lxxxiii.</span> 
     </span>
     <span class='ocr_line' id='line_1_38' title="bbox 352 4177 813 4240; baseline -0.002 -14"><span class='ocrx_word' id='word_1_251' title='bbox 352 4179 438 4240; x_wconf 81' lang='lat' dir='ltr'>giving</span> <span class='ocrx_word' id='word_1_252' title='bbox 445 4192 478 4227; x_wconf 86' lang='lat' dir='ltr'>an</span> <span class='ocrx_word' id='word_1_253' title='bbox 489 4183 596 4228; x_wconf 88' lang='lat' dir='ltr'>account</span> <span class='ocrx_word' id='word_1_254' title='bbox 602 4177 631 4226; x_wconf 89' lang='lat' dir='ltr'>of</span> <span class='ocrx_word' id='word_1_255' title='bbox 636 4177 701 4226; x_wconf 85' lang='lat' dir='ltr'>their</span> <span class='ocrx_word' id='word_1_256' title='bbox 705 4178 813 4239; x_wconf 88' lang='lat' dir='ltr'>joumey</span> 
     </span>
    </p>
   </div>
   <div class='ocr_carea' id='block_1_4' title="bbox 0 0 1414 4882">
    <p class='ocr_par' dir='ltr' id='par_1_4' title="bbox 0 0 1414 4882">
     <span class='ocr_line' id='line_1_39' title="bbox 0 0 1414 4882; baseline 0 0"><span class='ocrx_word' id='word_1_257' title='bbox 0 0 1414 4882; x_wconf 95' lang='lat' dir='ltr'> </span> 
     </span>
    </p>
   </div>
  </div>
 </body>
</html>
