2820 4882
432 431 572 480 rnonns
595 431 865 480 msronmnuu.
1051 414 1118 479 129

165 587 274 650 c'entis
287 587 553 670 quinquaginta,
565 582 728 672 ¹arripuit
743 590 810 655 iter
826 590 1114 674 Hierosolymita-
1128 601 1250 701 333ng

168 705 261 764 num,
286 689 511 769 sequentibus
531 709 609 752 eum
632 689 719 753 duce
743 689 1021 755 Normannorum
1040 691 1113 755 Ro·
1127 702 1276 742 merwu-

168 785 264 850 berto
286 794 323 850 et
343 787 523 851 Tancredo
546 808 624 852 cum
646 797 770 871 quater
792 791 916 871 viginti
941 791 1113 872 equitibus

164 892 199 948 et
230 886 386 968 peditum
418 887 638 952 multitudine
668 909 862 954 numerosa.
924 889 1011 955 Post
1039 890 1112 954 dies

166 992 282 1048 autem
300 987 445 1069 aliquot,
459 987 573 1050 media
585 989 726 1070 regione
741 998 953 1065 transcursa,
968 991 1004 1052 in
1020 1009 1112 1053 cam-

165 1086 296 1166 pestria
312 1087 418 1162 urbis,
433 1106 504 1160 non
519 1087 623 1168 longe
638 1108 660 1151 a
673 1089 761 1151 mari
776 1089 866 1165 sitae,
882 1087 1008 1153 Archis
1026 1110 1113 1152 nun-

165 1192 315 1268 cupatae,
333 1185 595 1262 descenderunt,
609 1187 717 1270 juxta
740 1187 882 1251 eandem
903 1196 1019 1252 castra
1040 1196 1112 1252 sta·

167 1291 316 1349 tuentes.
377 1285 443 1350 Est
468 1293 586 1349 autem
607 1306 678 1351 nna
703 1306 748 1350 ex
771 1289 911 1350 urbibus
935 1287 1111 1352 Phoenicis

166 1385 329 1466 regionis,
347 1384 392 1448 ad
410 1385 544 1449 radices
562 1385 686 1449 Libani
703 1387 783 1464 sita,
798 1406 914 1470 quam,
928 1396 967 1451 ut
983 1387 1112 1453 habent

167 1491 322 1548 veterum
341 1484 557 1561 traditiones,
574 1483 753 1551 Aracheus
774 1488 941 1570 septimus
963 1488 1112 1552 filiorum

167 1583 336 1648 chanaan
350 1584 513 1648 fundasse
531 1585 668 1662 dicitur,
684 1593 720 1649 et
737 1605 812 1649 eam
834 1587 877 1672 de
892 1606 955 1651 suo
975 1589 1112 1652 nomine

164 1682 362 1747 Aracheum
395 1684 600 1766 appellasse,
632 1692 668 1748 et
696 1686 914 1768 postmodum
944 1707 1006 1769 per
1035 1708 1111 1752 cor·

165 1784 360 1866 ruptionem
389 1785 535 1861 nominis
564 1783 691 1848 Archis
719 1786 848 1849 dictam
873 1786 999 1868 fuisse;
1022 1787 1112 1851 hanc

166 1883 276 1946 nostri
300 1882 406 1965 longa
432 1883 610 1963 obsidione
636 1893 842 1967 prementes,
866 1885 1111 1951 nihilomnino

164 1983 396 2064 profecerunt.
449 1983 635 2047 Renovata
658 1992 712 2049 est
731 1985 779 2049 ibi
802 1987 949 2068 quaestio
970 1987 1013 2048 de
1035 1986 1110 2049 lan-

165 2101 237 2160 cea,
269 2102 340 2165 qua
369 2083 590 2147 Dominicum
614 2084 706 2147 latus
739 2084 853 2149 fuerat
877 2085 1110 2166 perforatum3

164 2182 242 2245 aliis
263 2182 469 2259 dicentibus,
492 2183 584 2266 quod
602 2183 679 2266 ipsa
696 2191 772 2247 erat
786 2184 821 2248 in
836 2184 983 2248 veritate
998 2191 1033 2248 et
1050 2205 1112 2267 per

163 2281 317 2346 divinam
349 2282 609 2365 inspirationem
637 2284 803 2361 revelata,
831 2283 875 2347 ad
903 2285 1110 2348 consolatio·

163 2400 240 2445 nem
258 2382 391 2463 plebis3
416 2381 493 2445 aliis
507 2382 791 2446 contendentibus
816 2383 998 2459 malitiose,
1017 2384 1110 2466 quod

162 2482 317 2545 versutia
337 2488 430 2544 esset
445 2482 581 2546 comitis
594 2482 795 2560 Tholosani,
812 2485 848 2546 et
869 2484 983 2564 gratia
996 2503 1110 2565 quaes-¹

164 2587 220 2644 tus
237 2581 393 2644 inventio
408 2580 501 2646 ficta.
557 2579 715 2645 Accenso
730 2583 838 2664 igitur
853 2601 940 2663 rogo
957 2584 1109 2664 copioso,

162 2681 263 2764 cujus
274 2680 424 2743 incendii
432 2680 635 2761 magnitudo
648 2682 754 2744 etiam
763 2683 1109 2745 circumstantester·

163 2799 238 2843 rere
260 2786 410 2862 poterat,
427 2787 463 2846 et
488 2781 712 2844 conveniente
740 2782 869 2862 populo
895 2782 1056 2845 universo
1074 2783 1110 2845 in

159 2887 267 2943 sexta
291 2879 378 2942 feria
402 2898 480 2960 quae
506 2887 666 2943 sanctum
686 2880 826 2943 Domini
857 2879 995 2943 Pascha
1022 2901 1110 2963 prae-

164 2979 267 3055 cedit,
295 2977 440 3042 clericus
473 2977 625 3061 quidam,
651 2979 788 3042 nomine
811 2979 949 3054 Petrus,
976 2982 1031 3042 cui
1059 2981 1110 3043 in-

158 3079 281 3142 ventio
299 3077 393 3141 illius
407 3077 538 3141 lanceae
549 3077 663 3142 fuerat
683 3078 848 3155 revelata,
862 3098 1009 3142 examen
1026 3081 1108 3142 sub-

166 3179 208 3241 iit
229 3177 480 3260 periculosum3
509 3196 589 3241 nam
621 3177 714 3242 facta
740 3180 909 3254 oratione,
932 3186 1111 3260 assumpta

160 3296 280 3341 secum
309 3277 441 3353 lancea,
467 3296 530 3358 per
559 3277 708 3340 medium
740 3277 853 3358 ignem
882 3276 1053 3341 transivit
1069 3278 1111 3340 il-

162 3377 280 3453 laesus,
321 3377 395 3452 sed,
431 3377 595 3458 quoniam
631 3385 712 3458 post
746 3377 819 3440 dies
858 3394 988 3459 paucos
1019 3375 1109 3438 idem

162 3476 308 3540 clericus
337 3477 411 3540 vita
442 3476 600 3552 decessit,
636 3496 706 3539 non
740 3476 840 3557 plene
876 3477 947 3537 suis
976 3475 1110 3537 aemulis

159 3576 342 3641 satisfecit.
396 3573 465 3637 Per
486 3574 577 3638 idem
599 3583 736 3658 tempus
759 3575 831 3639 dux
849 3573 1058 3638 Godefridus
1075 3582 1111 3638 et

161 3674 334 3757 principes
349 3664 420 3751 alii,
438 3674 498 3757 qui
515 3675 606 3756 apud
620 3672 843 3739 Antiochiam
863 3681 1111 3750 remanserant,

156 3775 207 3837 ad
232 3775 434 3837 instantiam
456 3773 566 3856 plebis
586 3794 624 3838 se
649 3774 692 3837 ad
714 3775 781 3837 iter
803 3761 1037 3855 expedientes
1058 3766 1111 3835 ²in

197 3980 334 4046 'Arripuit
345 3981 416 4045 itm]
427 3982 475 4031 See
486 3982 529 4031 the
542 3986 623 4044 great-
650 3981 714 4030 from
730 3981 831 4042 Aleppo
846 3986 873 4030 to
897 3981 1051 4041 Jerusalem,
1067 3995 1111 4046 pp.

152 4048 190 4102 'er
199 4057 259 4116 part
269 4052 297 4101 of
305 4052 347 4101 the
364 4053 451 4101 march
462 4050 491 4100 of
499 4052 541 4100 the
553 4067 624 4112 army
652 4049 735 4100 17-67.

160 4123 191 4172 ol
198 4122 240 4172 the
253 4121 396 4172 Crusaders
407 4137 467 4182 very
479 4123 624 4182 accurately
686 4118 737 4169 ²121
749 4119 860 4170 leniendis
876 4119 1000 4182 Martiis]
1021 4120 1055 4168 So
1065 4118 1113 4168 Al-

161 4192 247 4243 truced
272 4192 298 4240 in
327 4186 494 4240 Maundrall’s
511 4191 624 4256 Journey
651 4190 822 4252 bertofAix5
836 4191 887 4242 and
896 4188 1113 4261 Willren,p.2tb.

213 4283 294 4330 voh.
313 4283 354 4334 11.
939 4281 962 4328 K
