2820 4882
322 391 388 454 loo
576 406 710 454 uocnnr
734 407 781 454 on
805 406 1012 455 wnuoovnn

164 583 218 622 nn.
231 582 286 620 ¹1⁸⁰-
324 566 443 629 litibus
466 572 501 628 et
523 563 699 629 hominum
720 562 871 626 millibus
891 562 935 625 ad
957 581 1112 644 pugnam
1132 561 1280 639 idoneis,

327 666 424 728 ducis
446 664 612 728 Richardi
628 684 696 728 non
713 662 857 745 expavit
873 661 1075 741 adventum3
1094 663 1169 740 sed,
1184 671 1280 746 post-

327 784 431 847 quam
450 763 522 826 dux
544 765 620 846 ipse
636 763 794 827 leonibus
814 762 978 827 audacior
1000 763 1177 844 regionem
1199 763 1281 828 hos-

328 864 436 928 tiliter
460 862 631 940 introivit,
653 863 786 926 fructus
811 861 1018 944 praediorum
1048 862 1210 941 abduxit,
1232 863 1281 929 vi·

329 971 382 1027 tes
405 963 565 1040 succidit,
588 963 690 1027 villas
716 961 905 1038 succendit,
927 962 1048 1025 omnia*
1065 961 1283 1028 demoliendo

329 1063 505 1139 contrivit,
532 1082 639 1145 prope
662 1061 842 1126 castellum
864 1061 1014 1126 tentoria
1039 1061 1130 1139 fixit,
1152 1063 1285 1127 machi-

330 1182 393 1226 nas
417 1182 524 1245 prope
546 1180 681 1226 murum
708 1162 831 1237 erexit,
853 1160 1115 1243 oppidanosque
1141 1162 1190 1226 nil
1211 1164 1283 1228 tale

331 1265 549 1344 suspicantes
576 1261 746 1326 exterruit
768 1259 999 1326 vehementer.
1043 1261 1194 1325 Inclusis
1220 1282 1284 1326 au·

331 1370 414 1439 tem,
432 1363 515 1443 quia
527 1381 583 1425 res
600 1360 798 1443 ignominiae
812 1360 916 1443 plena
928 1360 1123 1438 videbatur,
1140 1368 1193 1426 tot
1211 1362 1284 1426 cla-

332 1468 378 1525 tae
394 1462 532 1538 mentis,
552 1469 606 1525 tot
627 1461 783 1544 probatae
802 1459 942 1525 virtutis
955 1460 1082 1551 milites
1094 1462 1188 1526 intra
1209 1483 1287 1526 mu·

332 1580 391 1624 ros
406 1561 481 1624 sine
501 1560 747 1625 reclamatione
764 1560 882 1625 valida
897 1560 1132 1644 circumcingi,
1152 1562 1286 1644 placuit

333 1661 375 1724 de
395 1659 538 1725 consilio
556 1661 741 1737 communi,
756 1670 796 1724 ut
816 1659 910 1725 foras
929 1668 1149 1742 erumperent
1167 1669 1203 1726 et
1220 1663 1286 1726 im-

333 1766 491 1843 peterent
512 1760 609 1824 ducis
633 1760 825 1825 exercitum
846 1760 1056 1842 improvise;
1086 1761 1178 1844 quod
1203 1781 1284 1825 cum

335 1861 489 1924 animose
519 1860 605 1924 satis
638 1866 882 1937 attentassent,
904 1859 977 1924 dux
1005 1877 1089 1924 suos
1117 1861 1154 1924 in
1179 1863 1287 1926 armis

335 1980 434 2025 ruere
452 1960 582 2037 docuit,
601 1968 638 2024 et
656 1968 843 2024 retrorsum
862 1959 983 2024 cedere
1002 1961 1168 2043 compulit
1188 1962 1288 2045 oppi-

335 2060 465 2140 danos3
487 2060 548 2124 sed
573 2061 609 2124 in
629 2060 691 2124 illo
713 2066 893 2141 portarum
918 2058 1090 2139 ingressu,
1112 2080 1190 2125 cum
1213 2062 1287 2127 dux

334 2160 575 2242 insequeretur
601 2167 702 2242 terga
730 2159 865 2236 dantes,
887 2158 927 2222 fit
954 2161 1180 2240 gravissimus
1206 2162 1289 2226 hinc

336 2259 415 2323 inde
431 2259 624 2336 conflictus,
638 2260 719 2323 dum
737 2260 797 2337 ibi,
813 2259 895 2343 quid
912 2278 1034 2342 equus,
1052 2260 1135 2342 quid
1152 2261 1288 2341 lancea,

337 2359 419 2445 quid
440 2361 544 2436 ensis,
564 2359 646 2441 quid
668 2378 781 2437 arcuS,
803 2359 886 2444 quid
906 2359 1019 2440 galea,
1040 2360 1123 2441 quid
1147 2361 1287 2440 balista,

338 2458 420 2540 quid
444 2460 557 2536 umbo,
581 2448 663 2541 quid
690 2449 810 2536 lorica,
834 2458 917 2540 quid
944 2459 1059 2536 sudes,
1081 2460 1164 2542 quid
1186 2462 1289 2526 clava

339 2559 552 2622 certantibus
570 2558 761 2635 conferant,
776 2559 964 2640 experitur.
1011 2558 1205 2641 Oppidanis
1221 2563 1289 2626 ita-

339 2677 406 2740 que
426 2659 579 2722 assultus
599 2659 696 2723 ducis
716 2659 901 2723 acerrimos
923 2658 1016 2723 ultra
1035 2659 1123 2723 ferre
1140 2681 1210 2725 non
1228 2682 1288 2727 va-

338 2758 502 2834 lentibus,
524 2759 585 2822 sed
606 2759 699 2823 intra
723 2759 852 2822 moenia
874 2777 912 2822 se
937 2759 1195 2841 recipientibus,
1216 2763 1290 2827 dux

340 2858 486 2940 impiger
501 2860 658 2923 certatim
676 2878 714 2924 se
731 2858 861 2941 pariter
876 2859 969 2922 intra
986 2859 1105 2923 villam
1119 2861 1291 2928 immiscet

339 2977 417 3020 cum
440 2958 610 3036 hostibus,
633 2966 679 3037 et,
705 2979 783 3023 cum
805 2958 890 3040 ipsis
910 2978 1081 3040 nusquam
1104 2960 1202 3024 locus
1227 2983 1291 3045 pa-

341 3065 430 3122 teret
457 3057 603 3141 diffugii,
628 3078 691 3142 per
713 3058 849 3142 plateas
870 3057 950 3122 hinc
971 3059 1052 3123 inde
1074 3059 1291 3140 discurritur,

340 3158 471 3240 rapinis
497 3157 670 3223 insistitur
691 3169 727 3224 ct
747 3158 928 3236 incendiis,
953 3167 989 3224 et
1009 3161 1054 3223 ab
1075 3159 1119 3224 iis
1147 3163 1292 3246 oppida-

341 3258 408 3334 nis,
422 3277 510 3339 quos
531 3277 556 3322 a·
571 3258 691 3322 mortis
712 3258 908 3323 discrimine
929 3259 1014 3323 felix
1031 3259 1171 3324 fortuna
1187 3264 1290 3340 eruit,

339 3357 385 3420 ad
408 3357 588 3422 castellum
614 3358 813 3440 confugitur
837 3359 1050 3442 principale;
1073 3361 1209 3426 castelli
1230 3363 1291 3428 do·

339 3457 511 3521 minusad
525 3457 732 3522 deditionem
748 3459 977 3540 compellitur,
992 3460 1097 3524 facies
1113 3481 1289 3527 murorum

340 3556 571 3638 pulcherrima
603 3560 855 3642 complanatur,
883 3560 952 3623 alia
982 3561 1112 3642 passim
1146 3563 1291 3627 castella
1351 3597 1353 3601 v

340 3656 536 3720 rebellionis
554 3659 692 3722 conscia
708 3678 774 3742 par
788 3657 881 3722 infra
896 3679 1047 3723 mensem
1069 3662 1206 3726 subiere
1222 3663 1290 3728 dis·

340 3757 479 3820 crimen.
504 3757 673 3821 Omnibus
691 3758 798 3842 igitur
812 3759 857 3823 ad
873 3766 993 3824 votum
1008 3761 1198 3843 completis
1216 3763 1290 3826 dux

340 3857 580 3922 transfretavit
608 3858 645 3921 in
669 3857 848 3942 Angliam,
869 3860 1023 3923 maximo
1051 3879 1130 3924 cum
1160 3862 1291 3927 honore

339 3964 497 4038 receptus
515 3976 536 4020 a
552 3965 662 4040 patre.
