2820 4882
354 395 420 462 382
613 409 749 458 uocum
773 409 820 457 on
843 407 1051 479 wnunovmr

192 581 316 622 ΛΜΗ·
355 570 449 655 ipsos
473 567 705 634 cenomannis
736 570 780 634 ad
812 588 913 633 suum
944 568 1061 634 venire
1092 566 1304 650 colloquium

353 670 566 752 procuravit,
588 669 648 733 ubi
673 688 696 732 a
719 667 890 733 Gaufrido
919 668 1079 751 primitus
1102 674 1138 731 et
1158 667 1307 731 Richar-

354 769 411 846 do,
433 768 513 832 filiis
538 768 622 846 suis,
647 769 847 851 homagium
872 774 908 831 et
933 767 1135 832 fidelitatem
1157 767 1305 849 aceepit.

355 861 544 932 Post¹dies
555 874 671 932 autem
679 887 822 952 paucos,
833 866 926 949 apud
938 867 1119 930 Burumin
1131 865 1307 930 Norman-

354 967 413 1031 nia
432 967 529 1031 veuit
549 968 593 1031 ad
613 987 692 1030 eum
716 986 780 1031 rex
805 967 897 1030 fflius
919 965 1007 1050 ejus,
1031 985 1109 1029 cum
1134 964 1305 1048 arehiepi-

354 1084 461 1149 scopo
487 1065 763 1148 Rothomageusi
786 1072 822 1130 et
843 1065 920 1130 aliis
944 1065 1115 1148 episcopis
1143 1071 1179 1128 ct
1204 1064 1307 1128 baro-

355 1166 456 1229 nibus
478 1166 609 1244 multis,
631 1172 764 1230 etcum
786 1165 897 1229 multa
918 1164 1172 1247 lachrymarum
1191 1163 1308 1227 effusi-

354 1283 421 1328 one
452 1263 496 1329 ad
525 1265 630 1348 pedes
659 1265 770 1348 patris
808 1270 1002 1347 prostratus
1034 1263 1304 1348 misericordiam

354 1364 581 1445 precabatur3
605 1384 669 1428 rex
684 1370 801 1428 autem
817 1370 931 1428 motus
948 1363 1079 1446 pietate
1096 1382 1201 1446 super
1219 1363 1305 1441 filio,

354 1482 457 1544 quem
480 1463 562 1528 totis
586 1463 775 1528 visceribus
801 1463 979 1545 diligebat,
1005 1462 1202 1544 intelligens
1225 1483 1305 1527 eum

354 1581 400 1624 ex
417 1562 520 1626 corde
538 1563 649 1645 loqui,
666 1564 753 1627 iram
771 1569 807 1627 et
826 1583 962 1627 omnem
981 1563 1014 1626 ei
1030 1562 1304 1644 indignationem

354 1661 497 1739 remisit,
515 1668 620 1744 atque
636 1662 712 1747 ejus
733 1663 944 1745 homagium,
960 1662 1078 1726 addito
1093 1661 1306 1745 juramento,

354 1760 517 1844 suscepit.
551 1761 721 1826 Omnibus
741 1763 849 1844 igitur
870 1763 957 1826 bene
977 1760 1169 1844 pacificatis
1190 1767 1227 1826 et
1247 1781 1306 1826 os-

354 1860 442 1924 culis
466 1859 618 1944 undique
640 1881 684 1926 ex
707 1861 810 1926 corde
832 1861 983 1939 collatiS,
1005 1880 1069 1925 rex
1091 1867 1193 1944 pater
1213 1861 1306 1924 mili-

354 1966 408 2023 tes
427 1968 622 2042 uongentos
637 1968 673 2025 et
688 1961 874 2043 sexaginta
891 1961 1029 2037 novem,
1045 1980 1133 2043 quos
1150 1966 1308 2044 tempore

353 2059 437 2122 belli
454 2066 605 2142 ceperat,
625 2060 700 2125 sine
719 2061 956 2145 redemptione
972 2080 995 2124 a
1010 2060 1157 2124 vinculis
1175 2060 1305 2140 solvit3

353 2177 484 2241 paucos
507 2179 602 2237 vero,
626 2179 773 2242 quorum
797 2159 933 2223 facinus
956 2179 1093 2223 enorme
1114 2159 1309 2242 principem

354 2258 668 2322 mansuetissimum
706 2259 750 2323 ad
787 2258 1000 2322 iracundiam
1040 2266 1308 2341 provocaverat,

354 2357 495 2422 arctiori
510 2357 676 2423 custodiae
695 2357 836 2422 tradidit
850 2356 1121 2441 mancipandos3
1143 2377 1207 2422 rex
1222 2379 1308 2424 vero

355 2455 447 2521 filius
464 2456 583 2521 eodem
600 2457 702 2522 modo
719 2458 847 2521 milites
861 2477 949 2541 quos
958 2457 1039 2541 jure
1056 2457 1137 2521 belli
1153 2467 1306 2542 ceperat,

355 2575 500 2638 quorum
519 2577 681 2621 numerus
699 2556 742 2620 ad
759 2564 897 2622 centum
914 2563 950 2621 et
964 2575 1006 2621 eo
1023 2557 1171 2639 amplius
1187 2577 1309 2623 excre-

354 2661 465 2732 verat,
491 2654 564 2719 sine
589 2657 736 2739 pecunia
757 2656 942 2721 relaxavit.
993 2655 1094 2719 Tunc
1117 2676 1180 2720 rex
1205 2665 1308 2740 pater

354 2754 472 2819 literas
494 2755 531 2818 in
550 2775 669 2819 omues
689 2755 775 2819 fines
798 2774 871 2819 suae
892 2754 1136 2819 dominationis
1157 2755 1305 2821 formam

354 2853 459 2938 hujus
481 2855 577 2936 pacis
601 2856 816 2920 continentes
841 2854 980 2931 direxit,
1003 2861 1043 2918 ut
1062 2874 1193 2932 omneS,
1216 2876 1305 2938 quos

354 2953 516 3035 generale
530 2953 714 3019 discrimen
735 2954 816 3019 belli
834 2953 1019 3032 afflixerat,
1034 2956 1226 3019 communis
1244 2957 1308 3019 lae-

354 3053 433 3116 titia
451 3060 642 3134 recrearet3
666 3054 888 3119 continebant
910 3044 1052 3136 insuper
1070 3053 1193 3132 literae,
1213 3055 1306 3136 quod

354 3153 470 3216 omnia
486 3154 641 3231 castella,
660 3173 737 3237 quae
752 3152 887 3217 munita
900 3153 1038 3217 fueraut
1054 3159 1209 3236 tempore
1225 3155 1309 3218 belli

353 3260 477 3317 contra
499 3253 624 3335 ipsum,
654 3254 698 3317 ad
722 3253 820 3316 illum
847 3252 1086 3334 redigerentur
1114 3260 1246 3317 statum
1268 3255 1305 3318 in

355 3371 425 3434 quo
441 3359 540 3416 erant
556 3351 695 3435 quando
712 3371 838 3434 guerra
853 3345 1012 3435 ²incepit.

391 3576 725 3644 ¹Poatdiesaatempuacos.]
740 3579 816 3641 Upon
877 3575 1028 3642 'decepit.]
1046 3578 1122 3628 Paris
1133 3577 1181 3628 has
1192 3579 1252 3629 here
1269 3581 1309 3628 in-

355 3649 398 3698 the
408 3649 577 3712 letolAprll3
594 3649 816 3712 Diceto,col.585.
843 3649 927 3698 serted
938 3663 955 3698 a
970 3650 1053 3698 notice
1069 3648 1099 3698 of
1111 3648 1154 3698 the
1170 3651 1270 3699 eouncil
1281 3650 1311 3699 of

355 3719 382 3767 It
397 3733 506 3781 appears
522 3720 578 3770 that
593 3720 636 3769 the
652 3733 738 3782 young
753 3719 817 3782 king
843 3718 1027 3780 Westminater,
1043 3718 1103 3769 held
1119 3723 1147 3767 at
1161 3719 1205 3768 the
1221 3720 1270 3769 end
1282 3720 1312 3769 of

355 3789 442 3838 would
453 3793 497 3838 not
515 3793 581 3839 must
595 3789 637 3838 bis
652 3788 734 3839 father
752 3789 817 3837 until
843 3787 908 3850 May
915 3789 942 3836 in
953 3788 1004 3836 this
1014 3803 1084 3851 year,
1092 3788 1174 3837 under
1184 3789 1308 3852 Richard,

355 3857 396 3906 his
412 3859 518 3921 homage
535 3860 586 3908 had
603 3860 668 3908 been
685 3858 818 3920 accepted.
843 3857 994 3919 archbishop
1016 3858 1045 3908 ol
1064 3859 1238 3920 Canterbury3
1265 3859 1309 3909 the

354 3928 402 3977 See
410 3929 576 3993 lloveden,p.
584 3933 647 3992 5423
659 3928 818 3993 Newburgh,
843 3928 995 3989 particulare
1011 3942 1069 3990 may
1080 3929 1112 3978 be
1123 3929 1203 3979 found
1213 3930 1240 3978 in
1252 3930 1308 3979 Ho-

354 3997 372 4048 i.
385 4014 411 4061 p.
423 4002 481 4051 227.
844 3997 925 4046 veden
934 3998 985 4047 and
998 3997 1121 4050 Gerrase.
