2820 4882
436 410 576 460 eronus
598 411 869 460 nrsronmnurr.
1083 395 1129 460 39

174 573 301 630 eaetero
316 587 356 632 se
370 567 505 632 fidelem
520 576 557 632 et
571 569 733 647 amicum,
750 569 909 652 praestito
927 569 1262 654 juramentorum

172 667 419 751 obsidibusque
435 670 539 746 datis,
559 670 713 733 futurum
729 671 956 752 promisisset,
972 678 1126 754 tempore

170 776 370 848 opportuno
395 779 617 833 revertuntur
642 768 687 833 ad
709 770 836 848 socios,
867 790 945 851 quae
973 771 1127 836 fecerant

168 867 228 929 vel
242 888 324 950 qnae
339 869 514 948 dixerant,
528 870 615 932 nulli
631 872 770 952 penitus
787 870 986 934 reserentes.

202 1043 255 1106 De
269 1044 425 1108 monacbis
438 1044 529 1130 apud
545 1044 766 1127 Tynemutltum
773 1044 882 1130 primo
896 1044 1090 1110 introductis.

219 1167 327 1232 Circa
363 1169 428 1232 bos
459 1168 608 1250 denique
633 1169 708 1232 dies
740 1168 918 1233 Bobertus
951 1170 995 1233 de
1028 1170 1120 1235 Mol·
1135 1184 1276 1227 hamt

160 1268 281 1344 braio,
299 1267 610 1333 Northumbrensis
634 1289 761 1347 comes,
775 1269 908 1346 volens,
930 1269 1079 1333 divina
1069 1291 1121 1335 m·
1132 1234 1283 1378 ωᾘῖᾞ

165 1369 359 1450 spiratione
394 1377 522 1446 tactuS,
557 1364 752 1434 ¹ecclesiam
784 1370 879 1433 beati
908 1369 1041 1433 Oswini
1077 1372 1120 1436 de
1133 1336 1283 1436 dwwf‘

167 1468 394 1551 Tynemutba
404 1470 611 1553 jamdudum
626 1470 817 1534 desolatam
836 1479 1043 1547 restaurare,
1066 1478 1120 1536 at·

167 1589 236 1651 que
252 1569 303 1632 ibi
321 1570 398 1634 Deo
424 1579 460 1634 et
473 1580 596 1635 sancto
613 1572 758 1654 martyri
773 1569 915 1634 Oswino
932 1571 1120 1636 monachos

168 1670 361 1734 servituros
391 1690 532 1752 ponere,
569 1671 713 1735 consilio
742 1671 930 1734 amicorum
964 1690 1118 1750 suorum,

169 1768 320 1833 Paulum
345 1770 500 1835 eeclesiae
525 1772 638 1835 sancti
654 1770 784 1835 Albani
807 1772 968 1834 abbatem
992 1791 1118 1836 eonve-

168 1870 232 1946 nit,
259 1877 383 1952 petens
408 1869 572 1935 obnixius
597 1879 633 1935 et
654 1871 791 1948 devote,
808 1878 848 1934 ut
871 1871 913 1933 de
940 1871 1119 1936 monachis

169 1971 242 2033 suis
274 1969 410 2052 aliquos
435 1971 519 2034 illue
541 1971 776 2034 transmittere
800 1971 1014 2052 dignaretur,
1037 1991 1118 2052 pro·

168 2071 311 2135 mittens
327 2071 444 2134 omnia
460 2072 569 2135 victui
585 2081 621 2134 et
637 2071 779 2135 vestitui
796 2072 991 2133 necessaria
1005 2089 1044 2134 se
1066 2073 1117 2135 eis

169 2170 386 2234 abundanter
420 2172 594 2235 daturum.
664 2171 774 2255 Cujus
813 2170 975 2252 petitioni
1008 2171 1116 2236 abbas

167 2271 353 2352 praedictus
379 2272 620 2354 adquiescens,
642 2271 810 2354 quosdam
837 2270 920 2333 illuc
950 2290 972 2334 a
1004 2273 1116 2336 sancti

166 2368 295 2434 Albani
319 2371 496 2435 monachis
520 2372 719 2448 destinavit,
738 2372 863 2455 quibus
888 2389 1003 2435 comes
1025 2392 1115 2454 prae-

165 2469 357 2548 fatus,cum
371 2473 408 2535 in
421 2474 597 2550 maneriis,
607 2473 772 2549 eeclesiis,
787 2472 976 2536 redditibus
990 2479 1026 2537 et
1043 2473 1114 2555 pis·

166 2572 281 2649 uariis,
308 2591 386 2635 cum
403 2572 608 2637 molendinis
628 2580 663 2637 et
679 2573 781 2636 rebus
804 2573 962 2636 omnibus
987 2572 1113 2638 suffici-

165 2679 262 2737 enter
284 2673 506 2755 providisset,
525 2681 561 2739 et
585 2673 691 2737 cartis
713 2673 786 2735 suis
806 2672 974 2754 praedicta
998 2673 1114 2738 omnia

164 2772 208 2835 ab
221 2774 319 2836 omni
335 2774 483 2838 seculari
504 2774 647 2838 servitio
668 2773 783 2836 soluta
798 2780 834 2836 et
849 2773 987 2853 penitus
1004 2773 1113 2838 libera

164 2872 415 2950 confirmasset,
436 2873 533 2938 dedit
553 2874 720 2956 praedicto
746 2872 864 2936 abbati
886 2871 998 2936 Paulo
1020 2873 1113 2956 ejus·

164 2991 231 3054 que
257 2973 526 3049 suecessoribus,
542 2981 579 3037 et
603 2974 757 3038 ecclesiae
782 2972 875 3037 beati
889 2972 1018 3036 Albani
1034 2972 1110 3037 An·

163 3073 301 3154 giorum
326 3075 603 3157 protomartyris,
617 3074 796 3137 ecclesiam
821 3072 863 3137 de
877 3073 1109 3156 Tynemutha,

160 3173 413 3236 cum-omnibns
428 3174 644 3255 pertinentiis
661 3175 745 3249 suis,
760 3193 823 3255 pru
839 3174 951 3237 salute
970 3175 1111 3255 propria

160 3281 196 3337 et
210 3273 366 3337 omnium
388 3281 647 3339 antecessorum
672 3293 812 3336 suorum
837 3273 912 3335 sive
933 3292 1110 3337 successu-

160 3392 249 3449 rum,
267 3373 468 3437 eternaliter
489 3373 751 3455 possidendam
774 3373 825 3435 ita
840 3372 978 3453 quidem
992 3379 1031 3435 ut
1047 3374 1108 3436 ab·

160 3473 260 3536 bates
288 3474 401 3536 sancti
431 3473 572 3551 Albani,
603 3473 663 3556 qui
693 3493 756 3555 pro
786 3479 941 3553 tempore
969 3471 1108 3552 suerint,

160 3590 239 3635 cnm
270 3573 415 3636 consilio
448 3573 603 3657 ejusdem
634 3573 703 3638 loci
732 3580 935 3649 conventuS,
965 3573 1108 3637 liberam

161 3671 313 3736 babeant
334 3673 594 3755 dispositionem
617 3673 770 3756 priorum
792 3680 827 3736 et
849 3672 1108 3752 monachorum,

158 3773 283 3835 tamin
300 3773 369 3836 illis
393 3774 558 3855 ponendis
573 3792 678 3855 quam
701 3772 929 3850 removendis,
947 3773 1038 3838 sicut
1055 3776 1108 3839 vi·

157 3871 272 3937 derint
285 3872 461 3954 expedire.

191 4107 347 4158 ¹Eeelesium
361 4108 426 4158 beuti
443 4109 561 4175 oswini]
585 4108 710 4172 Compare
726 4109 769 4160 tbe
786 4109 830 4159 lile
848 4108 878 4158 of
892 4109 969 4159 abbot
988 4108 1056 4158 Paul
1072 4108 1107 4169 by

156 4179 284 4231 Mattbew
296 4179 382 4242 Paris,
392 4195 418 4241 p.
431 4183 472 4230 bl.
