2820 4882
310 385 354 450 92
565 399 699 447 noonnr
724 400 771 446 nn
794 397 1000 446 wnnnovnn

150 573 273 634 annon.
312 559 441 623 habens
467 558 685 635 fortissimae,
707 557 889 640 inquibus
912 553 1134 619 centumviri
1157 555 1263 619 armis

147 625 298 717 illidii...
310 659 455 735 strenui,
482 659 802 723 balistarumusum
822 657 1001 732 habenteS,
1027 661 1126 719 erant
1151 654 1261 738 depu-

311 759 388 835 tati,
418 759 490 841 qui.
509 765 649 840 pontem
681 758 737 822 vel
769 755 920 821 fluminis
948 754 1073 819 vadum
1103 754 1260 819 volentes

310 858 458 922 transire
474 857 643 922 violenter
660 863 838 935 arcerent3
863 855 1074 920 advenerant
1091 860 1261 936 praeterea

310 959 353 1021 ab
370 955 557 1022 Antiochia
571 958 704 1040 equites
718 956 940 1039 septingenti,
954 954 1026 1038 qui,
1048 954 1085 1017 in
1102 954 1260 1018 ulteriori

310 1056 461 1120 fluminis
476 1058 552 1139 ripa
569 1056 762 1134 constituti,
777 1056 962 1120 transitum
981 1054 1108 1118 nostris
1130 1073 1260 1136 negare

308 1176 372 1238 pro
386 1157 515 1220 viribus
534 1155 769 1220 decertabant.
821 1154 878 1219 Ad
901 1154 992 1218 hunc
1014 1173 1151 1238 quoque
1172 1173 1260 1236 pon-

309 1261 378 1319 tem
394 1276 470 1320 cum
490 1257 636 1321 transire
656 1276 726 1320 non
748 1262 886 1338 poterat
907 1255 980 1318 dux
1003 1253 1192 1331 Robertus,
1215 1254 1260 1317 ab

307 1354 465 1420 hostibus
483 1356 657 1440 praedictis
676 1355 873 1438 impeditus,
884 1354 924 1418 fit
932 1354 1057 1417 ibidem
1073 1353 1257 1417 conflictus

308 1457 528 1537 asperrimus,
560 1456 651 1539 quod
685 1475 795 1539 usque
825 1454 884 1517 ad.
902 1454 1088 1518 adventum
1114 1452 1258 1535 majoris

307 1556 482 1619 exercitus
512 1574 580 1619 non
610 1556 780 1619 cessabat.
843 1553 1035 1636 Postquam
1067 1572 1150 1634 ergo
1181 1552 1259 1616 uni-

307 1673 416 1719 versae
442 1662 677 1718 convenerant
698 1655 864 1736 legiones,
892 1653 987 1717 lituis
1010 1653 1258 1734 perstrepenti-

306 1754 371 1817 bus
393 1761 428 1818 et
448 1756 552 1832 tubis,
574 1761 713 1836 pontem
733 1752 914 1829 invadunt,
931 1753 1061 1816 viribus
1078 1751 1161 1816 totis
1176 1751 1258 1815 hos·

307 1860 359 1917 tes
376 1854 559 1935 repellunt,
571 1862 605 1918 et
622 1853 681 1916 alii
697 1852 946 1930 interim,vado
963 1859 1113 1935 reperto,
1128 1851 1258 1915 flumen

306 1959 466 2035 potenter
488 1959 680 2031 transeunt,
711 1959 747 2016 et
775 1953 886 2034 ripam
911 1951 1121 2030 ulteriorem,
1146 1950 1257 2016 hosti·

305 2054 370 2116 bus
387 2052 529 2136 fugatis,
546 2053 746 2134 attingunt3
772 2052 896 2116 deinde
911 2052 1081 2115 translato
1098 2052 1256 2116 exercitu

305 2153 479 2231 universo,
495 2162 610 2218 castra
624 2159 833 2229 statuerunt,
854 2159 890 2216 et
912 2152 967 2215 die
990 2152 1147 2234 sequenti
1164 2152 1257 2215 inter

305 2258 440 2316 montes
456 2261 492 2318 et
512 2254 667 2330 fiuvium,
683 2253 776 2317 viam
801 2250 933 2335 regiam
955 2259 1151 2335 sequentes,
1174 2256 1257 2316 ante

308 2353 426 2415 urbem
440 2353 530 2416 infra
544 2354 690 2417 milliare
706 2372 812 2416 unum
828 2359 944 2416 castra
960 2352 1174 2416 locaverunt.
1257 2406 1261 2412 .

358 2445 438 2516 Est¹
454 2460 570 2517 autem
584 2451 772 2517 Antiochia
787 2452 911 2517 civitas
927 2451 1107 2534 praeclara,
1124 2452 1168 2515 ab
1180 2449 1255 2516 An·

306 2550 421 2616 tiocho
444 2552 514 2616 filio
533 2551 727 2617 Alexandri
752 2552 954 2616 Macedonis
976 2553 1081 2630 dicta,
1101 2571 1142 2616 eo
1162 2552 1255 2635 quod

305 2649 398 2714 illam
432 2659 537 2734 caput
568 2659 739 2717 statuerat
774 2651 872 2734 regni
903 2650 979 2731 sui3
1010 2652 1047 2715 in
1073 2651 1138 2716 hac
1159 2659 1256 2735 post·

304 2751 444 2814 modum
470 2754 704 2836 apostolorum
729 2752 888 2834 princeps
918 2751 1115 2815 cathedram
1142 2752 1256 2816 tenuit

303 2851 550 2932 pontificalem,
573 2854 637 2917 sub
655 2851 850 2934 Theophilo
878 2851 951 2916 viro
975 2852 1176 2929 venerabili,
1196 2853 1256 2935 qui

303 2957 379 3013 erat
402 2951 439 3013 in
463 2953 606 3016 civitate
624 2952 898 3034 potentissimus,
920 2971 943 3016 a
964 2971 1033 3034 quo
1057 2952 1161 3016 etiam
1187 2951 1255 3017 fuit

302 3048 506 3132 Theophilis
531 3060 752 3134 nuncupata3
779 3051 852 3115 haec
870 3071 1009 3135 quoque
1025 3051 1148 3133 priscis
1165 3059 1254 3115 tem·

302 3150 443 3231 poribus
471 3151 564 3215 dicta
591 3159 644 3216 est
668 3151 831 3228 Reblata,
857 3150 900 3214 ad
928 3169 1032 3233 quam
1056 3150 1255 3231 Sedechias,

301 3269 365 3313 rex
391 3248 415 3314 J
418 3252 508 3329 udae,
534 3259 615 3315 ante
643 3250 968 3315 Nabuchodonosor
989 3271 1105 3333 regem
1127 3252 1254 3317 ductus

301 3355 355 3412 est
386 3357 421 3414 et
451 3351 560 3415 oculis
590 3352 759 3434 privatus
813 3351 889 3414 Sita
923 3358 976 3415 est
1006 3351 1042 3414 in
1072 3353 1255 3433 provincia

300 3447 505 3531 Syriaceles,
519 3471 597 3534 quae
614 3450 756 3535 majoris
770 3450 881 3534 Syriae
895 3470 977 3533 pars
990 3470 1066 3514 esse
1079 3450 1254 3533 dignosci·

300 3553 369 3625 tur,
401 3569 504 3633 agros
531 3550 662 3615 habens
692 3551 895 3628 uberrimos,
920 3550 1004 3614 rivis
1031 3571 1072 3615 ac
1098 3552 1252 3617 sontibus

300 3646 520 3713 delectabiles
544 3658 580 3714 et
602 3651 803 3714 amoenitate
825 3650 1029 3732 singulares
1081 3649 1169 3715 Erat
1188 3672 1251 3716 au-

300 3753 370 3812 tem
385 3749 545 3814 dominus
564 3750 717 3814 civitatis
740 3744 902 3833 ²quidam
919 3748 1093 3828 Arrianus,
1109 3752 1253 3816 natione

313 3986 316 3993 ·
333 3969 343 4002 ¹
354 3975 403 4023 Est
418 3979 498 4024 uatem
507 3970 663 4044 Antiochia]
681 3977 731 4025 For
747 3992 763 4025 a
788 3977 816 4026 ol
823 3977 905 4039 Tyro:
922 3979 957 4039 hy
968 3977 1063 4027 Rohert
1071 3979 1115 4027 the
1125 3978 1206 4029 Monk
1218 3980 1251 4030 he

298 4043 451 4106 description
471 4044 499 4093 of
517 4046 627 4095 Antioch
650 4060 693 4095 see
712 4047 762 4096 Po·
787 4047 810 4096 is
828 4047 910 4097 called
926 4048 1081 4108 Cassianus3
1098 4049 1133 4110 by
1144 4050 1255 4100 Fulcher

297 4112 385 4174 cocke,
396 4115 445 4163 vol.
455 4115 482 4164 ii.
495 4131 521 4177 p.
530 4116 548 4166 i.
559 4132 604 4177 pp.
617 4120 734 4167 188-193.
788 4116 817 4165 of
831 4117 959 4178 chartres,
974 4117 1131 4180 antianum
1149 4120 1200 4168 and
1217 4121 1252 4183 hy

332 4179 461 4250 {Quidem
472 4181 610 4254 Asianus]
637 4188 671 4236 So
690 4187 761 4236 Will.
788 4187 877 4238 Albert
892 4187 921 4238 ol
932 4189 994 4251 Aix,
1012 4189 1163 4240 Darsianus.
1200 4190 1251 4239 His
