2820 4882
418 369 557 454 neonus
584 402 856 476 nrsroumnun.
1043 390 1114 455 231

231 632 322 707 Quod
334 617 427 696 eomes
441 631 590 696 Roianus
605 631 719 696 obsides
733 632 879 717 quosdam
893 632 985 698 ducit
999 634 1034 698 iu

507 731 750 795 Narmouniom.

209 852 312 919 Anno
340 855 483 918 Domini
507 872 635 922 nexu.
669 855 858 933 Robertus,
878 875 993 921 comes
1017 854 1103 920 Glo·
1117 879 1173 918 an.
1184 882 1242 920 1041.

158 955 348 1030 vernensis,
370 954 610 1019 transfretavit
636 956 671 1018 in
694 954 959 1031 Normanniam,
976 955 1105 1018 ducens
1117 930 1248 1030 diffudit.

158 1073 274 1116 secum
297 1054 465 1136 quosdam
487 1054 623 1118 obsides
645 1061 847 1136 magnatum
871 1052 1022 1136 Angliae,
1045 1055 1104 1136 qui

158 1153 367 1235 imperatrici
384 1152 561 1230 favebant,
577 1160 617 1216 ut
632 1173 747 1216 comes
763 1151 1028 1234 Andegavensis
1044 1173 1104 1216 eos

157 1251 357 1328 custodiret,
379 1259 416 1316 et
438 1253 578 1335 insuper
606 1252 650 1315 ad
677 1252 933 1335 subjugandum
959 1272 1104 1333 regnum

159 1350 298 1432 Angliae
324 1351 588 1430 transfretaret3
618 1345 728 1433 ¹quod
751 1371 865 1415 comes
896 1351 940 1414 ad
968 1359 1104 1434 tempus

158 1449 271 1514 facere
299 1451 425 1528 renuit,
454 1459 596 1533 propter
624 1451 845 1514 rebellionem
871 1448 1104 1531 Andegaven·

159 1550 248 1612 sium
268 1557 305 1612 et
325 1550 473 1614 aliorum
491 1549 668 1614 hominum
689 1568 842 1627 suorum,
859 1551 919 1632 qui
939 1550 1037 1612 illum
1053 1550 1103 1612 in-

158 1647 344 1726 festabant,
371 1648 432 1712 sed
454 1656 571 1713 tamen
594 1648 737 1712 tradidit
753 1649 785 1711 ei
808 1648 1012 1722 Henricum,
1034 1648 1104 1729 pri-

86 1787 92 1796 ·
159 1748 371 1829 mogenitum
384 1748 493 1812 filium
508 1768 621 1823 suum,
637 1755 677 1811 ut
694 1767 771 1810 cum
789 1748 865 1829 ipso
880 1747 924 1810 ad
938 1746 1104 1828 Angliam

162 1847 413 1911 transfretaret.
466 1846 548 1929 Ipse
573 1866 670 1923 vero,
697 1853 869 1928 praesente
892 1846 1005 1910 adhuc
1030 1845 1105 1909 Ro-

158 1946 255 2009 berto
271 1947 407 2023 comite,
423 1947 515 2028 cepit
529 1939 651 2009 ²Alnei
666 1953 702 2009 et
719 1946 958 2022 Moritonium,
973 1945 1104 2007 Tener-

160 2044 298 2108 chebrai
315 2052 350 2108 et
365 2045 571 2122 CerencheS,
589 2045 734 2110 castella
750 2045 886 2108 comitis
905 2043 1104 2119 Moretonii,

159 2152 194 2207 et
215 2142 489 2232 Abrincacenses
516 2153 551 2208 et
574 2144 896 2208 constantinienses
923 2162 998 2205 sese
1023 2142 1104 2204 sub-

160 2243 319 2306 diderunt
344 2244 387 2307 ei.
440 2243 570 2308 Eodem
595 2262 699 2320 anno,
722 2263 800 2307 cum
823 2262 886 2306 rex
911 2241 1104 2322 Anglorum

159 2335 374 2424 Stephanus³
395 2343 486 2425 apud
504 2343 719 2406 Wintoniam
737 2342 916 2407 castellum
932 2339 1105 2423 quoddam
1197 2373 1199 2376 ⁴

161 2441 325 2518 firmaret,
347 2443 546 2524 supervenit
568 2441 719 2506 hostium
744 2461 885 2505 suorum
908 2441 1104 2502 innumera·

161 2541 238 2610 bilis
266 2540 463 2617 multitudo,
498 2549 534 2605 et
566 2541 732 2624 impetum
764 2541 929 2603 facientes
959 2540 996 2602 in
1026 2557 1105 2601 eum

161 2647 348 2721 coegerunt
369 2640 467 2702 illum
489 2641 526 2703 in
548 2638 685 2722 fugam3
708 2641 745 2703 in
762 2639 828 2702 hac
850 2647 966 2702 autem
988 2656 1107 2720 pugna

162 2747 285 2820 captus
307 2745 360 2802 est
375 2739 573 2805 Willelmus
596 2739 737 2816 MarteL
760 2737 893 2821 dapifer
913 2737 1004 2818 regis
1028 2736 1106 2800 Ste-

162 2838 280 2920 phani,
304 2846 340 2902 et
362 2839 454 2921 apud
473 2837 727 2919 Wallingeford
750 2837 919 2901 adductus
946 2837 1011 2900 sub
1028 2855 1106 2900 eus·

163 2937 260 3000 todia
294 2937 412 3001 Brieni
443 2937 506 3010 filii
537 2938 673 3002 comitis
708 2936 775 3000 fuit
804 2936 1003 3018 deputatae,
1034 2936 1106 3018 qui,

162 3043 347 3118 antequam
364 3037 476 3101 exiret
497 3037 540 3100 de
557 3056 706 3112 carcere,
721 3033 869 3098 reddidit
896 3034 1107 3116 imperatrici

162 3135 406 3199 Sireburnense
419 3136 599 3200 castellum
617 3156 679 3219 pro
694 3135 897 3198 liberatione
911 3151 985 3195 sua.

185 3280 277 3358 Quod
290 3283 442 3348 Mofildis
455 3262 641 3444 imperoctlziu
657 3280 770 3346 obsesso
786 3301 882 3364 repom
899 3278 1092 3365 Statariam

609 3382 693 3444 lucit.
738 3389 740 3396 '

211 3506 385 3573 Audiente
399 3515 512 3571 autem
526 3505 646 3570 eodem
661 3512 816 3586 tempore
833 3522 912 3584 rege
929 3499 1106 3583 Stephano

196 3689 366 3749 ¹Quodcomee
378 3727 384 3741 .
398 3727 405 3740 .
419 3689 622 3754 .reuait.]Gom·
648 3688 689 3736 the
710 3690 795 3735 return
813 3683 843 3733 of
857 3684 900 3732 the
919 3683 981 3744 king
999 3687 1025 3731 to
1035 3683 1107 3731 Win-

160 3761 505 3823 pmeOrderic.vioJ.ena
648 3756 747 3806 chester
757 3754 821 3803 after
832 3753 872 3802 his
889 3753 994 3812 release,
1005 3753 1056 3800 and
1067 3753 1108 3800 hie

647 3825 806 3878 fortification
828 3822 858 3870 of
876 3823 918 3870 the
946 3835 1059 3882 nuunery
1081 3825 1109 3875 et

162 3876 164 3879 Ι
194 3861 286 3945 Ἧῖκὶ
298 3899 305 3914 ·
359 3861 622 3925 ΟΕΓΜΜμΠΜῦ
647 3896 752 3955 Wilton,
768 3893 854 3940 where
871 3892 903 3939 he
918 3905 973 3938 was
989 3889 1109 3938 attached

159 3935 280 3996 Mmm’
301 3932 469 3995 'rumim’
495 3932 545 3981 ‘md
574 3930 622 3979 α’
647 3966 682 4024 by
693 3963 736 4011 the
747 3961 835 4011 eurlos
843 3960 994 4010 Gloucoster
1004 3959 1055 4008 end
1066 3959 1111 4007 de·

159 4019 255 4054 mm·
648 4032 742 4093 feeted,
753 4030 803 4080 and
813 4030 899 4078 where
910 4028 1024 4076 William
1038 4027 1109 4078 Mar-

163 4156 168 4168 ,
194 4100 392 4168 ³St'epionoe.]
419 4103 560 4152 wendover
577 4116 622 4162 ap·
649 4103 683 4150 tel
694 4116 748 4150 was
759 4100 846 4161 taken,
856 4100 881 4146 in
894 4101 966 4148 114³.
1001 4097 1109 4148 Gerros.

161 4190 234 4236 peare
257 4179 284 4224 to
301 4175 365 4225 have
383 4172 541 4223 confounded
563 4171 622 4221 here
649 4172 742 4221 Chron.
753 4169 801 4217 ool·
813 4171 887 4218 1³58.
