2820 4882
375 362 441 429 320
632 382 768 430 nocam
791 385 839 431 nn
854 383 1068 433 wnuoovnn

217 549 340 640 &3322ssss-
377 537 539 602 ecclesias
564 546 696 602 vestras
719 539 903 620 quicquam
927 537 1122 601 inordinate
1145 535 1329 618 fecerimus

216 649 344 740 33ng
376 638 431 701 vel
449 638 575 701 facturi
592 656 733 717 sumus;
756 637 849 701 unde
865 636 1087 700 credebamus
1109 655 1131 699 a
1148 635 1248 699 vobis
1264 655 1328 716 pro

376 737 482 818 longa
503 737 673 817 patientia
697 737 810 816 magis
834 736 958 799 debere
985 735 1130 817 culpari,
1156 734 1327 816 quamde

370 835 572 900 severitatis
596 836 716 916 rigore
741 833 971 898 condemnari.
1025 833 1112 896 Inde
1137 840 1202 908 est,
1234 833 1328 915 quod

375 934 526 997 breviter
540 933 638 999 vobis
660 932 805 996 dicimus
824 941 860 997 et
880 939 1083 996 constanter
1104 930 1327 1008 affirmamus,

375 1032 550 1096 dominum
572 1039 729 1096 nostrum
750 1051 866 1114 regem
882 1031 1080 1095 nullatenus
1099 1030 1229 1113 injuste
1252 1030 1327 1094 fore

375 1138 572 1212 gravatum,
600 1132 630 1193 si
656 1130 924 1194 adversus‘eum
952 1150 974 1193 a
999 1129 1138 1193 domino
1166 1148 1260 1211 papa
1292 1138 1328 1194 et
1389 1214 1392 1218 ἡ

376 1249 398 1293 a
430 1231 530 1294 nobis
560 1229 752 1311 saepissime
784 1248 826 1293 ac
857 1229 1011 1310 legitime
1045 1226 1254 1292 conve'ntum
1277 1227 1327 1293 'et

376 1329 575 1392 satisfacere
601 1328 775 1392 nolentem
797 1328 1004 1410 processerit
1023 1328 1221 1391 severitatis
1244 1346 1325 1391 cen·

377 1426 481 1492 sura?
533 1427 578 1491 In
610 1427 737 1491 eisdem
764 1446 849 1490 sane
878 1427 989 1490 literis
1013 1426 1206 1502 Gileherto,
1234 1426 1327 1490 Lon-

377 1526 533 1589 doniensi
551 1526 724 1608 episcopo,
745 1527 781 1589 in
800 1526 928 1590 virtute
942 1526 1146 1589 obedientiae
1159 1526 1327 1607 praecepit

375 1625 666 1707 archiepiscopus,
682 1632 867 1707 quatenus,
888 1624 979 1687 infra
1000 1625 1074 1688 dies
1093 1623 1327 1706 quadraginta

372 1730 455 1804 -post
469 1724 647 1787 literarum
665 1725 931 1806 susceptionem,
942 1723 985 1788 de
995 1724 1149 1787 ecclesiis
1161 1742 1203 1786 ac
1217 1725 1323 1787 bene-

372 1822 463 1886 ·ficiis
479 1822 679 1890 clericorum
694 1822 782 1906 ejus,
797 1823 858 1905 qui
880 1842 957 1885 cum
979 1842 1021 1887 eo
1040 1830 1076 1886 et
1098 1842 1161 1905 pro
1186 1841 1227 1886 eo
1244 1842 1326 1903 pro-

376 1921 496 2004 scripti
511 1921 650 1986 fuerunt
663 1940 685 1984 a
706 1941 825 2003 reguo,
840 1928 876 1984 et
898 1941 978 2003 quae
999 1921 1036 1984 iu
1057 1921 1216 1985 custodia
1230 1921 1324 2002 ejus·

375 2020 452 2084 dem
467 2020 620 2102 episcopi
634 2028 716 2084 sunt
731 2040 793 2102 per
813 2020 1015 2085 mandatum
1040 2021 1143 2102 regis,
1161 2019 1326 2102 quicquid

374 2119 454 2183 inde
478 2120 643 2201 percepit,
660 2120 717 2183 vel
738 2121 775 2182 in
798 2137 884 2182 usus
908 2119 1063 2183 ecclesiae
1083 2138 1326 2182 suaeconver-

375 2237 451 2280 sum
466 2225 531 2295 est,
558 2225 689 2282 remota
708 2218 802 2282 omni
823 2218 1005 2281 occasione
1025 2225 1060 2281 et
1079 2218 1258 2300 dilatione,
1272 2218 1328 2279 in-

374 2315 429 2379 fra
450 2324 588 2398 tempus
611 2315 898 2397 praenominatum
926 2317 962 2379 in
988 2316 1160 2397 integrum
1182 2316 1248 2379 sibi
1271 2336 1327 2380 re·

375 2415 517 2479 stituere
551 2435 621 2478 non
648 2415 797 2479 omittat.
859 2415 1054 2496 Episcopus
1084 2422 1212 2489 autem,
1245 2433 1326 2477 cum

375 2512 572 2599 hujusmodi
609 2513 729 2576 literas
769 2513 989 2595 suscepisset,
1029 2514 1103 2594 regi
1131 2511 1326 2594 Anglorum

374 2612 514 2694 scripsit
528 2613 592 2675 sub
610 2611 675 2676 hac
690 2612 800 2675 forma
815 2631 824 2691 ;

416 2787 530 2850 Litora
545 2789 678 2874 priscopi
689 2742 911 2853 Ledaeum
927 2787 973 2852 ad
987 2808 1084 2872 repom
1094 2752 1277 2851 Heoricuro.

212 2940 340 2990 onerans
424 2905 608 2974 ‘Placuit¹
638 2911 854 2975 excellentiae
879 2919 1018 2988 vestrae,
1047 2911 1140 2993 quod
1166 2912 1325 2976 ecclesiae

211 2991 330 3091 diffide?
339 2994 361 3032 ‘⁰
373 3008 574 3073 clericorum
589 3010 850 3092 archiepiscopi,
868 3029 945 3092 quae
960 3011 996 3073 in
1011 3011 1213 3092 episcopatu
1231 3010 1328 3075 Lon-

373 3108 528 3171 doniensi
557 3109 631 3172 sive
663 3110 700 3172 in
728 3107 856 3172 Cantia
882 3110 1087 3185 consistunt,
1110 3111 1174 3173 sub
1201 3117 1325 3174 nostra

373 3214 489 3270 essent
505 3207 662 3271 custodia
676 3208 895 3286 constitutae3
919 3207 1011 3289 quod
1028 3227 1117 3271 onus
1135 3226 1198 3271 nos
1215 3227 1325 3286 mera,

374 3305 470 3368 Deus
513 3305 590 3383 scit,
625 3305 771 3370 caritate
808 3307 1034 3388 suscepimus,
1072 3314 1123 3382 ut,
1164 3307 1194 3369 si
1234 3307 1326 3371 forte

372 3405 510 3468 eosdem
534 3405 677 3469 clericos
698 3405 914 3486 contingeret
938 3406 982 3468 ad
1005 3406 1154 3486 gratiam
1171 3413 1325 3470 vestram

373 3503 495 3580 redire,
521 3504 698 3566 indemnes
721 3504 771 3566 eis
794 3522 1087 3569 conservaremus.
1140 3502 1324 3586 Archiepi-

372 3619 497 3683 scopus
520 3609 639 3666 autem
662 3603 698 3664 in
720 3602 854 3666 insidiis
876 3603 998 3666 sedens
1011 3602 1189 3667 adversus
1210 3623 1324 3667 meam

372 3700 568 3781 specialiter
593 3719 776 3782 personam
797 3703 994 3765 occasiones
1018 3701 1157 3783 quaerit,
1185 3708 1222 3764 et
1244 3702 1324 3765 inde

364 3799 522 3862 maxime
539 3798 622 3862 mihi
645 3818 768 3863 nocere
791 3800 924 3878 nititur,
942 3800 1034 3863 unde
1056 3800 1135 3863 aliis
1158 3801 1324 3882 prodesse

371 3897 552 3960 studebam
568 3918 577 3977 3
605 3898 675 3979 qui,
694 3897 833 3961 directis
856 3899 979 3976 literiS,
1005 3900 1041 3962 in
1056 3898 1188 3962 virtute
1204 3899 1324 3963 obedi·

442 4117 582 4183 ¹Plocait.]
600 4121 732 4183 Abridged
744 4121 807 4171 from
819 4121 861 4170 the
874 4121 999 4183 original;
1016 4116 1062 4171 lia
1073 4122 1091 4170 i.
1103 4121 1247 4182 ep'cxxiii.
