2820 4882
351 412 491 462 uacans
514 413 782 464 nrsrorraauu.
999 400 1043 464 47

157 651 227 714 Rae
247 650 422 716 Willclmas
435 648 474 714 ab
490 648 634 714 Antehac
650 648 735 714 mille
748 647 846 714 libros
862 653 969 737 erepit.

141 775 225 840 Hoc
248 776 397 860 denique
418 783 575 858 tempore
599 796 662 839 rex
683 773 879 857 Anglorum
904 776 1041 841 Willel·
1054 798 1177 839 aanor

88 895 167 940 mus
186 870 421 954 ¹Auselmum,
436 875 721 941 Cantuarieusem
736 875 1043 959 archiepiscopum,

87 975 340 1041 circumvenire
364 976 544 1053 affectans,
566 977 660 1040 mille
684 976 791 1040 libras
819 978 954 1058 argenti
977 978 1043 1042 sibi

85 1075 166 1142 dari
189 1079 379 1142 instantius
400 1079 444 1142 ab
462 1096 503 1141 eo
518 1077 739 1159 postulabat3
763 1076 940 1158 allegabat
952 1079 1043 1142 enim

86 1184 129 1241 ut
158 1177 228 1241 sibi
259 1178 444 1243 videbatur
470 1196 612 1242 causam
637 1177 869 1260 justissimam
897 1197 942 1241 ex
965 1178 1043 1255 hoc,

86 1277 185 1359 quod
200 1280 312 1360 gratis
329 1280 366 1342 in
382 1278 598 1361 promotione
612 1296 678 1340 sua
693 1285 890 1360 promptum
906 1281 1044 1360 praebu-

86 1377 176 1441 isset
195 1397 388 1442 assensum.
439 1378 732 1460 Archiepiscopus
748 1396 831 1442 vero
852 1398 916 1461 pro
939 1379 1044 1442 indif-

87 1477 219 1542 ferenti
234 1478 377 1556 habenS,
392 1486 473 1543 ante
487 1479 738 1561 promotionem
755 1477 811 1541 vel
831 1485 922 1560 post,
938 1478 1044 1543 talem

89 1579 134 1642 ob
151 1596 296 1642 causam
316 1597 496 1642 numerare
518 1579 710 1662 pecuniam,
736 1579 813 1660 pari
836 1597 942 1660 poena
962 1578 1044 1642 seri-

90 1677 221 1742 endum
248 1678 482 1743 arbitrabatur
504 1686 709 1760 utrumque3
732 1678 794 1741 sed
819 1679 902 1759 quia
923 1697 1044 1743 saccos

90 1779 198 1860 regis,
222 1780 257 1842 ni
280 1779 367 1843 laesa
390 1778 612 1856 conscientia,
635 1778 778 1861 implere
800 1798 868 1842 non
894 1786 1044 1861 poterat,

92 1878 200 1960 elegit
214 1880 332 1961 potius
354 1880 446 1961 regis
462 1878 733 1962 indignationem
749 1880 922 1943 incurrere
940 1898 1045 1961 quam

92 1977 311 2062 dispendium
323 1979 425 2043 famae
451 1986 487 2043 et
500 1978 690 2064 periculum
702 1980 738 2043 iu
753 1998 906 2061 praesens
920 1981 1045 2043 animae

94 2079 193 2157 inire,
219 2087 256 2144 et
271 2081 499 2162 inposterum
522 2078 758 2144 confusionem
783 2087 819 2143 et
842 2079 1045 2142 scandalum

93 2179 128 2242 in
144 2180 216 2244 Dei
240 2180 387 2245 ecclesia
401 2181 591 2261 seminare3
613 2180 687 2257 sed,
710 2179 753 2243 ad
778 2198 879 2242 suum
896 2177 1045 2242 officium

91 2281 197 2364 juxta
229 2300 360 2345 morem
385 2281 540 2345 ecclesiae
568 2281 704 2363 plenius
729 2279 998 2362 exsequendum,
1026 2298 1048 2343 a

94 2400 174 2463 rege
197 2380 375 2447 licentiam
400 2383 502 2465 petiit
526 2380 674 2445 adeundi
696 2400 760 2463 pro
786 2380 893 2463 pallio
918 2399 1046 2463 papam

96 2480 289 2546 Urbanum.
343 2481 424 2546 Rex
440 2483 570 2564 itaque,
586 2500 678 2565 papa
697 2482 887 2559 nominato,
903 2480 955 2545 ira
972 2494 1045 2545 sta-

94 2581 154 2645 tim
171 2581 370 2647 vehementi
396 2583 587 2659 incanduit,
609 2583 693 2664 quia
708 2589 792 2645 tunc
810 2582 974 2664 temporis
991 2601 1046 2646 ec·
1057 2597 1126 2687 tm'll
1127 2601 1173 2687 ‘3
1136 2599 1207 2637 aa

94 2682 200 2746 clesia
215 2682 408 2747 Romana
398 2703 435 2746 1n
456 2682 643 2747 schismate
659 2682 852 2758 laborabat,
875 2682 1045 2758 Wiberto,
1057 2709 1145 2748 rouen
1118 2699 1160 2738 nd

96 2780 320 2846 Ravennensi
345 2783 616 2875 archiepiscopo,
634 2802 695 2866 per
708 2782 947 2847 violentiam
937 2800 1046 2865 impe·
1057 2758 1153 2798 ‘mm‘
1154 2776 1160 2787 ’

96 2882 223 2946 ratoris
251 2882 438 2946 Henrici
428 2903 465 2946 1n
494 2890 662 2966 papatum
695 2884 797 2946 nimis
826 2883 1045 2965 impudenter

94 2982 249 3062 intrus03
278 2983 369 3046 dixit
391 2984 481 3046 enim
508 2984 697 3066 imperator
717 3002 815 3045 suum
842 3002 918 3046 esse
944 3002 1046 3063 quem

96 3082 202 3147 vellet
225 3102 352 3165 papam
374 3082 513 3165 eligere,
529 3103 593 3146 nec
617 3091 692 3148 erat
714 3083 856 3146 alterius
883 3083 1048 3165 apostoli-

95 3202 173 3246 cum
201 3183 307 3247 etiam
331 3184 519 3247 nominare.
571 3183 665 3266 Ergo
694 3203 757 3247 rex
772 3182 970 3246 Willelmus
994 3182 1046 3246 al·

94 3281 229 3365 legavit
249 3302 272 3346 a
295 3283 412 3361 simili,
436 3284 528 3366 quod
552 3282 668 3347 mrllus
694 3282 974 3366 archiepiscopus
990 3282 1047 3347 vel

95 3376 281 3466 episcopus
296 3383 339 3447 de
353 3402 460 3466 regno
485 3403 550 3447 suo
566 3383 611 3447 ad
629 3383 760 3446 curiam
778 3382 973 3447 Romanam
990 3381 1047 3446 vel

96 3483 140 3548 ad
156 3503 285 3567 papam
310 3483 453 3548 haberet
467 3491 673 3567 respectum,
690 3485 864 3566 praecipue
878 3503 956 3547 cum
972 3484 1047 3565 ipse

96 3603 217 3648 omnes
239 3584 418 3648 libertates
440 3583 584 3648 haberet
599 3584 636 3647 in
652 3602 760 3666 regno
777 3603 853 3660 suo,
874 3603 961 3665 quas
983 3584 1047 3646 im·

96 3691 239 3767 perator
255 3685 454 3749 vindicabat
469 3685 504 3747 in
523 3682 679 3766 imperio.
733 3682 918 3749 Anselmus
940 3683 1048 3764 igitur

96 3786 141 3850 ob
155 3785 246 3849 hanc
263 3804 335 3848 rem
351 3804 374 3848 a
384 3805 466 3867 rege
480 3791 614 3849 tractus
631 3784 668 3848 in
682 3803 822 3847 cansam
838 3783 996 3865 arguitur
1008 3790 1048 3846 ut

130 4013 317 4086 Maximum]
331 4017 456 4081 Compare
464 4019 562 4068 theiol·
587 4019 784 4070 sarisbiriensis.
820 4020 981 4082 Mulmsbury
995 4022 1050 4070 also

95 4089 192 4152 lowing
212 4094 320 4138 account
338 4089 367 4138 oi
381 4090 496 4153 dunelm,
512 4090 563 4139 and
589 4091 683 4152 speaks
702 4091 731 4139 of
745 4091 788 4140 the
804 4091 959 4153 disgracetirl
974 4097 1052 4141 treat-

97 4159 563 4222 hisexpulsionfmmssnglmawnh
590 4160 1052 4222 mentoihimuponhisemburlration

98 4229 138 4279 his
155 4229 201 4280 life
219 4230 255 4291 by
267 4229 378 4280 Eadmer
391 4231 442 4280 aud
452 4231 565 4282 loannes
590 4236 617 4281 at
627 4232 723 4292 Dover,
733 4227 745 4295 §
757 4234 825 4281 315..
