2820 4882
168 600 223 640 Μ).
234 598 290 640 lost.

167 650 231 691 Hlsto
264 649 288 690 oi

166 660 308 741 tnecrlrleue·

331 409 375 474 82
586 422 721 471 coenan
745 421 793 470 nr
816 421 1024 472 wunnerus

331 583 402 648 Hic
426 583 535 664 igitur
556 581 703 665 primum
724 600 770 645 ex
792 579 937 644 diversis
962 578 1159 661 agminibus
1182 597 1273 642 unus

310 682 397 750 -Dei
413 683 561 748 viventis
578 681 691 746 sactus
708 687 763 746 est
783 681 968 756 exercitus,
985 680 1045 744 ubi
1064 673 1280 760 ¹legionibus

329 784 519 848 numeratis
538 782 669 847 inventi
690 788 772 846 sunt
794 780 921 845 habere
940 780 1092 862 peditum
1109 784 1280 843 sexcenta

329 883 450 960 millia,
472 883 628 965 equitum
643 900 724 946 vero
746 879 968 945 loricatorum
994 887 1133 944 centum
1155 878 1278 954 millia,

329 984 389 1066 qui
410 1001 529 1048 omues
546 983 583 1045 in
603 1001 727 1066 gyrum
748 979 924 1062 praedictae
942 980 1037 1043 urbis
1059 977 1279 1043 considentes

329 1084 486 1147 laborum
515 1100 657 1146 suorum
687 1100 766 1145 cnm
793 1079 889 1144 omni
914 1079 1099 1145 devotione
1125 1077 1280 1143 fructum

331 1175 482 1248 Domino
498 1187 754 1246 consecrarunt.

360 1354 410 1417 De
418 1375 530 1440 poppo
545 1355 627 1419 ieter
643 1344 834 1418 Olridiocos
848 1362 877 1418 et
894 1354 1020 1432 Tereos,
1035 1362 1063 1419 et
1076 1361 1249 1419 umerorum

660 1453 793 1518 victorio
805 1453 950 1539 plorioso.

382 1576 417 1641 N
418 1569 529 1653 ioaea,²
541 1578 622 1640 urbs
639 1596 769 1660 magna
786 1584 822 1642 et
840 1595 955 1641 rerum
970 1574 1122 1641 omnium
1137 1574 1284 1657 opulen-

330 1676 476 1753 tissima,
499 1695 569 1740 una
591 1683 644 1751 est
673 1677 715 1740 de
741 1675 942 1741 civitatibus
966 1675 1155 1758 Bithyniae,
1179 1675 1281 1758 cnjus

330 1776 488 1841 dominus
521 1783 597 1840 erat
620 1776 760 1859 quidam
788 1775 981 1840 Turcorum
1009 1774 1283 1857 potentissimus,

330 1876 433 1939 simul
453 1883 489 1941 et
509 1876 616 1940 totius
636 1876 800 1958 regionis,
819 1876 957 1940 nomine
972 1874 1205 1952 Solimannus,
1222 1875 1284 1956 qui

329 1976 451 2057 lingua
469 1975 654 2041 Persarum
681 1997 745 2040 rex
766 1976 1025 2058 interpretatur.
1077 1972 1196 2058 Hujus
1221 1993 1284 2038 au-

330 2082 400 2140 tem
426 2083 660 2141 antecessores
686 2077 731 2140 ab
755 2076 964 2159 imperatore
987 2073 1284 2156 Constantinopo-

329 2174 452 2251 litano,
471 2175 631 2241 Romano
652 2177 802 2253 nomine,
819 2175 879 2258 qui
899 2182 981 2240 ante
1007 2173 1098 2238 huno
1114 2171 1281 2238 Alexium

330 2281 406 2338 eret
425 2275 560 2351 tertius,
584 2274 646 2338 has
665 2276 757 2340 bello
782 2280 1039 2358 occupaverant
1063 2273 1223 2355 regiones
1245 2279 1283 2338 et

330 2373 469 2437 eusdem
493 2373 573 2438 huic
596 2375 809 2440 tradiderant
833 2374 1032 2439 Solimenno
1050 2393 1058 2452 ;
1079 2373 1281 2456 possidebat

331 2478 447 2536 autem
483 2473 680 2555 provincias
716 2475 895 2538 universes
926 2493 948 2538 a
979 2472 1114 2537 Tharso
1145 2460 1281 2537 Ciliciae

330 2590 442 2654 usque
463 2572 508 2635 ad
527 2571 807 2657 Hellespontum,
829 2573 879 2638 ita
900 2574 995 2638 utin
1022 2571 1171 2637 confinio
1187 2571 1282 2637 Con-

330 2672 649 2754 stantinopolitanae
672 2673 824 2739 civitatis
846 2680 1088 2756 procuratores
1110 2692 1194 2736 suos
1218 2673 1283 2737 ha-

331 2770 437 2847 beret,
454 2773 514 2854 qui
534 2773 664 2837 tribute
679 2780 715 2838 et
730 2774 916 2855 vectigalia
935 2773 1042 2838 totius
1062 2773 1214 2854 regionis
1236 2773 1281 2837 ad

298 2879 300 2883 '
328 2871 546 2935 commodum
580 2872 709 2936 domini
739 2873 794 2937 sui
824 2873 1027 2954 colligerent
1061 2879 1098 2937 et
1135 2873 1282 2938 collecta

330 2970 569 3035 confiscarent.
623 2970 705 3054 Ipse
729 2979 845 3036 autem
872 2992 948 3043 cnm
974 2972 1202 3046 multitudine,
1222 2993 1282 3037 co-

330 3069 429 3152 piose
446 3078 655 3136 armatorum
670 3072 707 3135 in
726 3072 899 3136 montibus
914 3072 1048 3149 vicinis,
1065 3065 1145 3136 ³vix
1158 3072 1203 3135 ab
1218 3073 1282 3136 ob·

330 3170 464 3235 sidione
479 3171 596 3235 decem
610 3171 815 3236 milliaribus
830 3172 975 3249 distans,
984 3171 1280 3255 opportunitatem

329 3271 606 3354 quaerebatque
628 3271 747 3337 ordine
771 3272 890 3335 urbem
912 3279 1031 3354 posset
1046 3291 1068 3336 o
1085 3290 1186 3336 cruce
1209 3271 1282 3354 sig·

223 3431 230 3441 ,
328 3377 489 3434 natorum
510 3370 749 3454 inquietudine
771 3370 928 3435 liberare.
981 3369 1084 3435 Tune
1107 3369 1280 3439 Solimar-

329 3487 405 3545 nns,
423 3476 462 3534 ut
477 3470 572 3535 cives
591 3471 750 3534 obsessos
763 3471 1013 3548 consolaretur,
1028 3470 1115 3535 dnos
1138 3470 1182 3533 ad
1198 3469 1279 3537 illos

328 3567 456 3633 direxit
475 3570 627 3646 nuntios,
642 3571 703 3652 qui
724 3570 865 3652 navigio
882 3590 944 3653 per
958 3570 1072 3634 lacum
1089 3569 1142 3633 ad.
1156 3570 1278 3635 urbem

327 3667 586 3745 descenderent,
608 3675 645 3733 et
660 3669 826 3734 mandata
845 3670 911 3734 sibi
932 3670 1097 3754 imposito
1118 3669 1163 3733 ad
1182 3671 1278 3734 cives

328 3768 486 3834 obsessos
497 3768 633 3835 occulte
650 3769 863 3853 perferrent3
880 3770 941 3834 sed
957 3790 1048 3837 unus
1064 3789 1110 3834 eu
1123 3768 1205 3847 illis,
1216 3769 1278 3852 qui

362 3983 693 4089 momentaneam]
713 4019 789 4070 oom-
848 4016 921 4069 rue
937 4018 968 4068 an
985 4016 1281 4081 enecone...aeem.]

326 4103 388 4151 pare
396 4089 513 4140 Pulcher.
524 4090 627 4141 Cernot.
638 4106 665 4152 p.
675 4094 731 4140 ³87.
812 4089 882 4138 ‘Vix
902 4104 918 4137 a
937 4093 1022 4137 nostro
1049 4087 1163 4136 exercitu
1190 4086 1280 4136 decem

360 4156 477 4222 'Nisam
496 4160 554 4209 urbs
574 4156 699 4228 ningen]
716 4161 788 4211 Will.
813 4159 911 4209 distans
927 4157 1099 4208 milliaribus!
1130 4155 1201 4207 Will.
1216 4157 1278 4218 Tyr.
