2820 4882
329 375 332 380 ’
413 399 551 447 anonas
575 400 845 450 uisronttnuu.
1045 383 1108 447 111

158 553 240 618 mini
253 556 436 622 millesimo
460 559 686 641 nonagesimo
701 566 839 636 octavo,
855 577 973 623 mense
988 557 1011 623 J
1016 559 1109 636 nnio,
1122 577 1177 617 tu.
1188 580 1245 617 10⁹⁸.

158 656 259 719 tertia
277 656 332 720 die
350 659 490 722 mensis.

202 812 254 877 De
271 812 443 894 Sensabolo,
459 825 488 879 et
503 814 637 901 qualiter
650 815 808 881 casellam
821 838 910 901 suum
924 818 1060 884 tradidit

528 914 737 980 Oordarattno.

208 1037 297 1104 Post
314 1047 451 1122 captam
469 1047 586 1104 autem
602 1040 836 1118 Antiochiam,
854 1061 933 1105 cum
956 1043 1108 1108 civitatis

156 1138 341 1217 tumultus,
356 1140 432 1223 jam
458 1140 588 1205 sedatis
612 1142 783 1219 omnibus,
806 1141 1007 1225 quievisset,
1026 1162 1108 1206 con-

156 1246 328 1303 venerunt
353 1241 527 1324 principes
556 1241 592 1304 in
622 1260 743 1320 unum,
769 1243 942 1305 communi
970 1242 1109 1307 decreto

132 1346 135 1353 '
156 1345 364 1417 statuentes
379 1347 419 1404 ut
428 1349 593 1418 montem,
607 1341 666 1424 qui
676 1341 753 1404 urbi
767 1341 979 1419 imminebat,
988 1362 1109 1407 ascen·

156 1437 292 1515 derent,
315 1446 350 1502 et
368 1441 473 1504 situm
496 1441 533 1504 in
557 1461 598 1504 eo
622 1441 821 1523 praesidium
843 1451 1108 1524 expugnarent3

157 1557 228 1620 quo
256 1541 509 1620 pervenientes,
535 1560 613 1604 cum
644 1540 687 1604 de
710 1541 896 1623 municipio
921 1550 1109 1621 constaret,

157 1637 253 1720 quod
269 1641 407 1703 omnino
417 1641 509 1704 esset
518 1639 789 1725 inexpugnabile
799 1640 865 1705 nisi
875 1640 966 1705 fame
975 1663 1109 1726 preme·

156 1744 265 1813 retur,
284 1739 328 1802 ad
344 1740 414 1803 alia
430 1760 468 1804 se
489 1748 695 1822 argumenta
712 1748 968 1806 converterunt.
1024 1743 1110 1808 Erat

157 1845 277 1900 autem
297 1839 333 1901 in
354 1839 415 1902 illo
430 1840 592 1922 praesidio
608 1840 766 1905 dominus
779 1848 814 1905 et
830 1836 1109 1924 magister¹Sen-

157 1937 313 2016 sabelus,
329 1936 472 2015 Axiani,
495 1940 568 2003 sive
592 1939 768 2016 Garsiani,
791 1941 981 2023 supradicti
1006 1942 1109 2018 filius

158 2057 238 2100 cum
261 2039 371 2120 copiis
393 2039 586 2103 Turdorum
608 2040 738 2116 multis,
757 2040 817 2123 qui
839 2040 875 2102 in
894 2039 1109 2105 corboranni

159 2145 195 2200 et
213 2137 400 2201 Persarum
422 2138 654 2203 multitudinis
677 2139 828 2203 adventu
849 2159 946 2222 spem
966 2160 1109 2222 ponens,

159 2256 239 2299 cum
254 2237 368 2319 ipsum
381 2239 418 2301 in
435 2246 552 2321 partes
568 2237 804 2303 Antiochenas
827 2238 1008 2304 advenisse
1030 2260 1111 2322 cog-

161 2337 272 2414 novit,
290 2335 448 2420 confugit
470 2338 514 2401 ad
535 2359 612 2403 eum
633 2359 710 2403 cum
728 2338 913 2423 lachrymis
936 2339 979 2402 de
1000 2348 1110 2404 morte

159 2437 272 2519 patris
294 2443 329 2498 et
349 2436 545 2502 Antiochiae
568 2439 781 2503 desolatione
804 2439 980 2521 querelam
1003 2440 1111 2522 depo·

161 2555 259 2600 nens.
312 2535 378 2600 Cui
405 2535 661 2615 Corbarannus,
693 2537 753 2601 ‘Si
786 2538 961 2615 volueriS,'
986 2538 1111 2622 inquit,

161 2640 230 2700 ‘ut
258 2635 342 2700 totis
365 2637 495 2701 viribus
521 2658 585 2720 pro
620 2645 655 2702 te
686 2637 905 2714 contendam,
931 2639 1111 2702 castellum

160 2747 262 2800 tuum
281 2735 317 2798 in
339 2756 443 2800 manu
463 2743 583 2801 nostra
605 2738 793 2814 committe,
813 2745 860 2815 et,
880 2757 959 2801 cnm
981 2758 1046 2820 ego
1069 2739 1112 2804 de

161 2844 196 2899 te
219 2855 362 2900 securus
383 2835 493 2914 fuero,
511 2837 725 2918 plebeculam
752 2837 847 2901 illam
872 2837 954 2901 totis
979 2839 1112 2902 nisibus

160 2935 414 3025 impugnabo),
449 2935 672 3022 SensaboluS,
697 2935 912 3001 Corbaranni
938 2938 1112 3020 petitioni-

160 3036 226 3099 bus
250 3032 489 3118 adquiescens,
512 3033 735 3119 municipium
759 3038 824 3101 sub
846 3044 1019 3119 potestate
1040 3046 1111 3101 tra·

161 3135 250 3200 didit
282 3136 499 3214 defensoris3
541 3135 784 3200 Corbarannus
820 3137 938 3219 itaque
969 3145 1112 3220 accepto

161 3236 306 3301 castello
334 3255 416 3299 suos
445 3236 622 3318 imposuit,
655 3244 690 3300 et
718 3235 909 3299 Sensabolo
943 3236 1112 3317 auxilium

163 3336 265 3400 fidele
279 3337 448 3419 promisit.
488 3334 680 3400 Audientes
696 3337 813 3418 itaque
830 3334 1002 3416 principes
1020 3337 1113 3418 quod

162 3436 409 3501 Corbarannus
449 3435 493 3498 ad
532 3435 617 3500 fines
646 3435 885 3501 Antiochenos
925 3437 1112 3518 appropin-

163 3543 317 3619 quasset,
350 3537 404 3600 die
443 3535 554 3600 altera
588 3543 670 3619 post
697 3543 835 3619 captam
868 3535 999 3613 urbem,
1035 3556 1114 3599 cnm

162 3638 256 3700 circa
277 3636 353 3720 ejus
376 3635 566 3700 custodiam
591 3642 626 3700 et
645 3655 708 3718 pro
731 3635 903 3699 alimentis
927 3634 1112 3700 inferendis

162 3736 265 3799 nimis
295 3743 412 3800 essent
442 3735 593 3813 solliciti,
619 3755 697 3799 ecce
730 3734 864 3819 equites
895 3736 1039 3799 trecenti
1071 3737 1114 3801 de

163 3836 320 3899 exercitu
338 3834 552 3899 Corbaranni
575 3837 753 3900 venientes
778 3843 860 3900 ante
885 3837 1004 3899 urbem
1027 3838 1113 3901 satis

161 3935 305 4012 lascive,
320 3941 360 3996 nt
375 3942 511 3998 nostros
529 3935 574 3999 ad
589 3935 721 3999 exitum
736 3942 976 4019 provocarent.
1009 3935 1113 4015 Quod

247 4181 253 4210 ¹
267 4182 413 4232 Sensabolus
421 4182 443 4244 ;]
461 4182 544 4231 called
555 4184 708 4236 sansadoles
719 4187 752 4246 by
765 4186 934 4247 Malmsbnry,
945 4184 957 4251 ξ
969 4191 1027 4240 361.

1121 629 1209 677 history
1218 629 1243 667 ol

1052 717 1055 723 ,
1121 679 1270 720 lhecrunden.

1122 1071 1205 1110 Anlvnl
1214 1072 1239 1109 ol

1122 1123 1224 1170 Kerboga.
