2820 4882
385 405 529 454 cnonas
553 404 820 454 ursromanuu
1011 391 1078 456 373

126 564 240 627 minus
261 565 369 642 urbis,
389 584 471 647 rege
491 571 591 649 patre
609 564 742 641 relicto,
765 563 808 628 ad
830 566 945 647 regem
966 566 1074 632 filium
1088 584 1209 627 nunus.

127 663 306 745 confugit3
343 664 417 743 sed,
441 666 526 729 urbe
548 665 687 728 taudem
711 684 774 746 pro
797 667 951 729 maxima
974 674 1074 749 parte

125 764 318 841 combusta,
343 765 437 829 cives
456 765 499 828 de
522 783 609 848 pace
631 771 881 842 tractaverunt,
901 765 993 830 datis
1019 786 1072 830 re·

126 862 163 944 gi
192 863 317 927 marcis
350 865 523 941 trecentis,
555 871 596 928 ut
627 863 805 942 habereut,
831 884 901 948 quo
932 865 1074 944 vellent,

125 963 300 1026 licentiam
324 963 488 1027 abeundi.
538 962 714 1027 Concessa
736 970 790 1027 est
815 982 899 1045 ergo
929 966 979 1028 eis
1008 965 1073 1030 tali

121 1062 322 1126 conditione
345 1063 497 1139 licentia,
519 1070 560 1127 ut
581 1061 617 1124 iu
639 1061 781 1125 urbibus
803 1061 908 1144 regiis
922 1063 978 1126 vel
996 1083 1072 1128 cas·

125 1161 218 1224 tellis
241 1161 353 1225 locum
380 1162 596 1244 susciperent
623 1160 824 1240 habitandi3
859 1162 929 1225 illis
956 1163 1072 1227 autem

122 1260 345 1339 abeuntibus,
366 1263 542 1326 subversae
562 1268 645 1324 sunt
670 1267 780 1342 portae
808 1259 972 1340 civitatis,
991 1281 1073 1344 pars

125 1379 301 1424 murorum
317 1361 495 1426 destructa
510 1367 576 1439 est,
593 1359 761 1424 militibus
771 1360 915 1424 castello
930 1361 1073 1425 inclusis

124 1459 252 1524 ‘dautur
264 1460 413 1524 induciae
427 1479 538 1542 usque
553 1459 599 1524 ad
614 1459 740 1522 festum
751 1460 862 1524 sancti
878 1459 1073 1538 Michaelis,

125 1566 161 1623 et
175 1559 226 1623 sic
243 1560 365 1641 quinto
379 1559 548 1624 kalendas
562 1556 715 1640 Augusti
731 1558 864 1622 obsidio
879 1566 932 1624 est
945 1561 1072 1625 soluta.

123 1658 207 1736 Quo
230 1658 335 1737 sacto,
358 1679 421 1723 rex
445 1659 627 1723 Scotorum
640 1657 837 1722 Willelmus
859 1660 1072 1741 provinciam

126 1757 522 1835 Northanhumbrorum‚
554 1777 633 1841 quae
664 1756 780 1821 David
809 1758 883 1839 regi
908 1761 975 1822 avo
1008 1779 1072 1823 suo

124 1857 208 1921 data
232 1857 346 1922 fuerat
368 1865 403 1923 et
427 1857 532 1940 longo
552 1863 706 1938 tempore
730 1875 902 1938 possessa,
929 1857 1026 1921 illam
1050 1878 1073 1922 a

122 1977 207 2038 rege
234 1964 393 2041 repetens
417 1957 592 2040 repulsam
609 1955 761 2035 invenit3
793 1954 865 2037 qui,
881 1957 1072 2020 exercitum

120 2076 340 2138 congregans
374 2065 446 2122 tam
477 2055 708 2121 Wallensium
744 2072 847 2138 quam
878 2055 1072 2134 Scotorum,

124 2156 292 2239 perfines
318 2156 471 2239 episcopi
497 2154 743 2220 Duuelmensis
767 2173 925 2218 securum
952 2155 1073 2226 habuit

124 2256 322 2333 transitum,
344 2256 454 2319 donec
478 2255 572 2319 villis
594 2253 856 2337 quampluribus
885 2256 1071 2333 succensis,

124 2354 327 2419 mulieribus
352 2362 389 2418 et
412 2354 568 2438 parvulis
598 2353 801 2431 intersectis,
831 2353 984 2436 praedam
1008 2355 1072 2418 im·

125 2454 340 2537 pretiabilem
357 2454 595 2537 congregavit.
630 2451 688 2517 Ad
705 2452 975 2536 propulsandam
988 2472 1072 2535 ergo

125 2561 260 2618 tantam
285 2554 449 2638 injuriam
473 2560 654 2636 magnates
681 2551 821 2634 Angliae
851 2560 1071 2618 occurrentes

124 2673 240 2736 regem
257 2654 439 2718 Scotorum
455 2654 499 2718 ad
521 2673 586 2718 sua
607 2653 717 2717 redire
739 2652 987 2735 compulerunt,
1011 2654 1071 2735 qui

121 2753 203 2837 ejus
223 2748 374 2836 vestigia
395 2753 616 2836 insequentes
637 2759 749 2816 totum
767 2750 998 2817 Lodon'esium
1017 2753 1071 2816 in·

119 2853 246 2917 cendio
275 2853 515 2931 tradiderunt3
549 2852 713 2935 quicquid
739 2858 842 2915 extra
867 2854 983 2916 muros
1015 2871 1070 2915 re·

124 2954 263 3035 periunt
279 2951 404 3032 Anglis
426 2951 531 3016 cessit
555 2950 591 3014 in
617 2950 792 3032 praedam3
819 2958 856 3013 et
881 2950 931 3013 sic
953 2949 996 3013 ad
1019 2950 1073 3013 in·

121 3052 291 3116 stantiam
306 3051 397 3132 regis
418 3050 609 3127 Scotorum,
632 3049 724 3112 datis
746 3067 855 3131 usque
878 3047 922 3111 ad
945 3047 1071 3111 festum

121 3151 235 3215 sancti
264 3149 404 3213 Hilarii
425 3149 584 3228 induciis,
614 3153 796 3237 magnates
823 3144 963 3230 Angliae
993 3164 1072 3209 cum

124 3250 272 3315 uictoria
284 3256 491 3314 remearunt.

170 3419 312 3500 Qualiter
328 3443 421 3487 cerus
434 3400 671 3508 Leporcstrrusia
685 3430 714 3485 et
729 3418 939 3487 Fautores
952 3418 1038 3503 copti

474 3523 721 3586 incarcerantur.

122 3621 126 3626 ’
176 3630 344 3700 Audiens¹
361 3644 477 3701 autem
493 3636 682 3712 Robertus‚
699 3654 813 3699 comes
830 3634 1074 3715 Legecestren-
1086 3659 1209 3711 catuna

127 3737 189 3813 sis,
204 3756 282 3818 quae
305 3736 347 3800 de
368 3737 510 3800 civitate
526 3755 592 3799 sua
608 3735 703 3799 facta
719 3734 868 3816 fuerant,
882 3739 997 3810 tactus
1015 3732 1076 3795 do·
1086 3710 1208 3802 ffl'sss‘

127 3836 200 3900 lore
225 3836 338 3899 cordis
366 3836 586 3913 intrinsecus,
609 3856 687 3899 cum
711 3854 821 3898 uxore
847 3834 880 3896 in
910 3830 1073 3914 Angliam

128 3954 331 4000 reversurus
363 3955 425 4017 per
453 3935 653 3999 Flaudriam
683 3934 867 3998 transitum
897 3931 990 4009 fecit,
1016 3932 1076 3995 ubi
1158 3956 1160 3960 ¹

130 4035 412 4099 Normannorum
442 4041 477 4097 'et
505 4034 782 4107 Flaudrensium,
820 4042 891 4095 tam
922 4032 1077 4113 equitum
1140 4099 1142 4102 ,

265 4190 413 4255 meum]
431 4192 531 4254 Diceto,
542 4193 591 4242 col.
603 4195 668 4252 tta,
688 4189 821 4252 Heredeu,
831 4203 858 4250 p.
870 4192 928 4238 tau.
