2820 4882
422 388 562 437 nnonns
585 390 857 441 rnsronrnnuu.
1066 379 1109 442 71

160 550 276 634 pulum
291 551 561 630 committentes,
578 571 712 621 necnon
728 572 806 617 cum
820 553 987 616 uxoribus
1005 551 1107 617 Hun-
1122 572 1177 613 au.
1188 573 1245 611 roa.

159 671 321 732 garorum
337 658 373 716 et
388 651 525 716 filiabus
546 673 618 716 rem
632 653 790 717 illicitam
805 654 973 718 violenter
985 673 1107 737 perpe-
1120 623 1270 714 rithmo.

159 757 314 832 trantes3
343 753 435 816 unde
457 773 522 816 rex
546 761 660 830 terrae,
684 754 738 817 ira
766 773 954 818 succensus
975 754 1108 837 dignis·

158 851 256 930 sima,
290 852 458 936 populum
493 854 538 917 ad
564 873 661 918 arma
692 855 844 919 concitat
875 857 910 918 in
943 856 1107 919 ultionem

157 958 264 1016 tantae
291 955 589 1035 transgressionis.
641 953 799 1018 Tandem
820 956 912 1037 apud
928 955 1107 1038 Bollegra·

157 1053 246 1116 viam
261 1053 506 1135 praedictorum
516 1053 772 1119 multitudinem
787 1054 993 1120 lirriosorum
1008 1075 1107 1139 repe·

158 1153 299 1231 rientes,
309 1174 388 1217 cum
397 1173 435 1217 se
448 1162 686 1237 praepararent
695 1155 739 1218 ad
750 1156 993 1234 resistendum,
1007 1166 1107 1221 erant

158 1254 287 1336 quippe
311 1253 376 1318 viri
406 1255 514 1319 fortes
543 1263 578 1319 et
602 1274 702 1319 usum
728 1275 901 1319 armorum
928 1255 1106 1334 habentes,

158 1362 296 1418 tentant
322 1354 402 1418 dolo
424 1355 563 1419 vincere
593 1374 681 1438 quos
707 1355 839 1419 viribus
867 1352 1104 1439 nequiverunt,

160 1454 270 1518 Missa
286 1454 395 1535 igitur
410 1455 583 1537 legatione
601 1456 644 1519 ad
664 1453 909 1520 Godescallum
925 1464 961 1520 et
978 1457 1106 1539 prima·

158 1561 207 1618 tes
232 1555 420 1632 exercitus,
435 1562 670 1621 convenerunt
687 1575 747 1621 eos
763 1557 878 1621 verbis
899 1556 1054 1639 pacificis
1071 1559 1106 1621 in

157 1653 235 1719 dolo
246 1655 403 1719 dicentes
413 1676 422 1736 3
434 1649 461 1690 ¹‘
472 1656 637 1721 Pervenit
648 1656 691 1721 ad
701 1657 877 1721 dominum
886 1664 1041 1721 nostrum
1054 1678 1107 1722 re·

157 1775 234 1836 gem
252 1756 372 1837 gravis
389 1758 614 1839 querimonia,
625 1757 718 1841 quod
727 1756 857 1840 populo
872 1776 936 1821 suo
948 1777 1106 1823 enormes

157 1856 257 1919 nimis
282 1856 469 1920 intuleritis
493 1856 650 1941 injurias,
664 1858 757 1921 mala
782 1876 845 1940 pro
871 1857 970 1921 bonis
985 1858 1107 1941 nequi-

157 1964 207 2020 ter
233 1956 483 2039 rependentes3
507 1958 605 2021 novit
629 1965 798 2040 praeterea
820 1976 895 2035 rex,
909 1958 1002 2041 quod
1025 1965 1107 2023 sunt

156 2057 245 2120 inter
258 2077 322 2121 vos
335 2057 401 2122 viri
417 2058 604 2140 prudentes
617 2065 653 2121 et
666 2057 828 2122 timentes
842 2057 969 2134 Deum,
982 2059 1107 2140 quibus

157 2157 276 2221 invitis
302 2163 338 2221 et
368 2158 595 2222 renitentibus
622 2159 806 2223 commissa
834 2157 1000 2234 enormia,
1027 2177 1106 2240 quae

157 2277 273 2340 regem
297 2258 421 2322 meritc
438 2259 482 2321 ad
502 2258 715 2322 iracundiam
739 2264 992 2341 provocarunt3
1016 2257 1106 2323 unde

158 2359 288 2421 crimen
313 2358 528 2439 quorundam
553 2358 589 2422 in
619 2378 739 2423 omnes
768 2357 948 2422 refundere
971 2377 1107 2435 verens,

158 2456 312 2522 decrevit
340 2459 531 2540 peregrinis
560 2478 701 2541 parcere
730 2459 970 2541 inpraesenti,
999 2478 1106 2522 unum

159 2559 256 2622 vobis
281 2559 474 2635 denuntiat,
493 2566 531 2623 ut
548 2559 623 2642 ejus
645 2559 786 2623 omnino
812 2559 969 2640 quiescat
991 2559 1106 2642 indig-

160 2659 266 2735 natio,
283 2665 374 2723 utet
391 2678 559 2740 personas
574 2667 709 2723 vestras
727 2664 763 2722 et
783 2659 1014 2722 substantiam
1029 2678 1107 2722 cnm

160 2760 262 2822 armis
278 2759 438 2822 omnibus
461 2759 497 2822 in
522 2760 681 2823 manibus
709 2759 785 2842 ejus
811 2759 886 2822 sine
911 2757 1107 2823 conditione

159 2859 316 2936 tradatis,
334 2860 488 2941 alioquin
502 2879 566 2923 nec
583 2878 672 2923 unus
689 2879 735 2923 ex
751 2859 850 2923 vobis
864 2866 1008 2923 mortem
1026 2878 1108 2923 eva·

159 2959 226 3036 det,
238 2980 315 3023 oum
331 2966 538 3042 potestatem
552 2980 622 3023 non
636 2959 763 3024 habeat
771 2958 1107 3042 populusfugicndi.’

160 3058 387 3124 Godescallus
413 3059 520 3140 igitur
536 3067 572 3123 et
587 3060 760 3143 principes
781 3058 969 3142 legionum,
988 3059 1031 3123 de
1053 3079 1106 3123 re-

158 3161 214 3242 gia
225 3160 440 3241 benignitate
455 3160 556 3223 nimis
569 3167 830 3242 praesumentes,
843 3159 1009 3242 populum
1023 3160 1106 3223 totis

160 3261 291 3324 viribus
313 3261 517 3324 renitentem
540 3260 764 3337 induxerunt,
785 3267 825 3323 ut
841 3278 919 3323 cum
941 3259 1047 3321 armis
1071 3266 1107 3322 et

159 3361 355 3424 substantia
380 3379 498 3425 eorum
513 3367 589 3424 tota
603 3360 639 3422 in
656 3362 747 3442 regis
769 3360 925 3442 potentia
939 3378 976 3422 se
991 3358 1107 3422 trade-

160 3469 248 3538 rent,
266 3467 301 3526 et
317 3461 367 3523 sic
393 3459 632 3524 satisfacerent
653 3461 896 3542 conquerenti;
920 3459 1108 3542 quodcum

158 3561 290 3625 factum
317 3560 451 3638 fuisset,
482 3561 563 3624 dum
590 3560 859 3624 misericordiam
890 3566 1107 3641 exspectant,

158 3668 302 3725 mortem
330 3661 529 3741 incurrunt3
561 3661 735 3725 irruerunt
760 3658 911 3723 enimin
940 3659 1106 3742 populum

158 3761 354 3844 proditores
378 3760 428 3824 illi
455 3780 628 3826 armorum
648 3761 774 3825 solatio
800 3760 1016 3840 destitutum,
1037 3778 1106 3822 non

158 3861 412 3943 distinguentes
423 3861 558 3944 justum
575 3862 619 3924 ab
633 3861 750 3943 impio,
767 3866 802 3924 et
817 3869 970 3942 stragem
987 3858 1107 3923 imma-

158 3961 335 4025 nissimam
365 3961 564 4038 inferentes
592 3960 707 4025 locum
739 3960 939 4043 polluerunt
970 3959 1106 4023 univer-

155 4196 157 4199 .
194 4143 334 4195 ¹Peraeait
351 4147 382 4194 nd
398 4139 542 4216 dominum]
559 4145 613 4194 The
631 4145 713 4194 whole
732 4146 805 4195 letter
821 4146 843 4194 is
859 4147 932 4208 given
951 4146 984 4207 by
996 4145 1109 4194 William

158 4217 186 4265 of
193 4217 270 4278 Tyre,
281 4233 307 4278 p.
320 4221 377 4265 648.
