2820 4882
395 407 535 455 neonus
558 407 828 456 nrsroarsanu.
1041 393 1085 457 91

131 569 219 646 iens,
238 565 374 631 obsedit
398 566 493 630 illam
518 573 554 631 et
578 567 681 649 oepit.
734 565 838 645 Quod
858 585 935 630 cum
955 567 1085 631 factum
1098 587 1187 686 ἐξ).
1165 587 1221 677 ¹⁰⁹}

132 667 261 744 fuerat,
291 666 379 730 liber
415 673 626 732 commeatus
663 668 708 731 ab
739 667 873 731 Edessa
903 686 1012 749 usque
1041 641 1249 730 adeam.

132 765 358 832 Antiochiam
380 767 529 831 transire
544 767 740 832 volentibus
759 768 914 850 patebat.
967 766 1087 850 Major

133 867 269 931 interea
288 867 463 931 exercitus
479 867 524 931 ad
542 867 662 931 urbem
681 867 877 931 Mareseam
898 865 1086 949 profectus,

134 986 241 1049 qnam
271 966 378 1031 anci
414 986 487 1050 prae
527 967 650 1031 timore
679 985 826 1031 vacuam
863 966 1088 1049 reliquerant,

136 1065 356 1131 Christianos
378 1065 415 1129 in
435 1085 478 1130 ea
496 1065 710 1131 solummodo
732 1067 949 1131 invenerunt.
1002 1066 1090 1130 Inde

134 1166 306 1230 miserunt
344 1165 538 1230 Robertum
576 1165 697 1230 ducem
734 1165 1010 1230 Normannicum
1044 1165 1089 1229 ad

135 1267 259 1331 urbem
276 1263 466 1343 Artasiam,
496 1284 575 1328 cum
599 1266 723 1330 comite
749 1265 977 1343 Flandrensi3
1005 1283 1090 1347 quo-

136 1385 214 1429 rum
242 1365 429 1430 adventum
453 1385 532 1428 cum
556 1366 650 1430 cives
676 1372 925 1446 cognoverunt,
955 1364 1089 1429 Turcos

136 1484 270 1543 omnes,
292 1465 353 1547 qni
379 1484 439 1529 eos
464 1464 574 1528 multo
596 1464 671 1549 jam
700 1464 820 1549 elapso
848 1472 1001 1547 tempore
1024 1484 1089 1546 op·

135 1571 348 1648 presserant,
371 1565 594 1641 necaverunt,
617 1571 653 1628 et
674 1571 776 1628 extra
799 1565 918 1627 urbem
936 1565 1089 1627 omnium

136 1665 256 1746 capita
281 1662 513 1747 projecerunt.
566 1663 686 1728 Distat
718 1671 834 1728 autem
865 1662 938 1726 haec
967 1663 1091 1728 civitas

138 1765 185 1828 ab
206 1762 397 1828 Antiochia
421 1763 625 1827 milliaribus
647 1763 856 1845 quindecim,
884 1782 962 1845 quae
986 1762 1092 1826 etiam

139 1863 286 1946 calquis
303 1864 373 1928 elio
389 1864 526 1927 nomine
542 1870 774 1945 nuncupatur.

168 2038 219 2101 Do
236 2032 352 2101 transit
352 2058 373 2101 a
387 2035 551 2122 cujusdam
557 2035 665 2121 pontit
678 2044 707 2102 et
720 2033 870 2101 obsidione
883 2033 1066 2099 Antiochia.

192 2159 264 2224 His
284 2161 336 2226 ita
354 2162 475 2244 gestis,
496 2168 669 2226 revocatae
690 2167 773 2225 sunt
795 2179 914 2223 omnes
937 2158 1245 2263 legionesfmffi

141 2261 309 2344 dispersae
341 2281 404 2343 per
431 2261 586 2327 diversas
616 2260 825 2342 provincias,
856 2266 904 2336 et,
935 2258 1091 2323 exercitu

141 2359 392 2443 redintegrato,
418 2360 579 2475 generale
600 2359 641 2424 fit
662 2359 883 2424 interdictum
909 2359 1092 2437 intereos,

140 2467 183 2525 ut
195 2460 315 2527 nullus
330 2460 373 2525 de
389 2469 516 2527 caetero
537 2461 605 2524 nisi
621 2460 744 2543 jussus
765 2467 956 2542 praesumat
971 2459 1015 2522 ab
1031 2478 1094 2523 ex-

24 2645 29 2652 ·
143 2560 255 2625 ercitu
270 2562 436 2644 separari.
488 2559 597 2624 Mane
613 2566 730 2624 autem
743 2559 849 2636 sacto,
864 2559 957 2623 acies
972 2578 1094 2623 versus

143 2658 368 2726 Antiochiam
378 2661 548 2742 dirigunt3
567 2659 628 2724 sed
645 2659 810 2743 quoniam
821 2658 948 2723 fluvius
961 2653 969 2692 ¹
981 2658 1094 2723 Oron-

144 2767 211 2837 tes,
234 2761 296 2843 qui
321 2767 356 2825 et
379 2760 515 2842 vulgari
537 2759 770 2843 appellatione
789 2752 877 2823 ²For
898 2759 1037 2836 dicitur,
1056 2758 1093 2821 in

145 2860 206 2928 via
227 2860 361 2925 medius
387 2867 473 2938 erat,
495 2879 601 2942 super
622 2880 726 2942 quem
745 2865 888 2942 pontem
910 2857 1095 2922 audierunt

144 2959 372 3025 fortissimum
395 2979 471 3025 esse
505 2959 735 3037 obstaculum,
766 2959 934 3023 miserunt
958 2957 1093 3022 Rober-

144 3066 221 3125 tum
243 3060 365 3124 ducem
376 3059 657 3125 -Normannicum
679 3078 757 3124 cum
782 3059 885 3123 sociis
908 3057 1093 3140 expeditis,

144 3161 207 3242 qui
228 3160 354 3225 itinera
376 3167 637 3244 praetentarent,
655 3167 702 3237 et,
723 3158 755 3223 si
776 3158 860 3242 quid
883 3155 1095 3221 difficultatis

146 3267 352 3342 emergeret,
374 3260 546 3344 principes
571 3266 755 3342 sequentes
778 3277 881 3341 super
906 3277 947 3322 eo
974 3256 1096 3320 redde·

147 3367 227 3425 rent
256 3360 443 3440 certiores;
480 3357 699 3442 praecedebat
728 3377 812 3440 ergo
843 3358 916 3421 dux
948 3357 1097 3440 majores

146 3459 315 3542 legiones,
340 3458 449 3524 donec
474 3459 519 3525 ad
542 3458 745 3541 praedictum
767 3465 907 3541 pontem
926 3455 1096 3540 pervenit.

148 3553 254 3626 Erat³
283 3578 372 3642 pons
402 3559 571 3644 lapideus,
600 3559 638 3622 in
666 3565 813 3641 utraque
843 3557 956 3621 fronte
985 3564 1099 3620 turres

181 3784 609 3860 ¹Omies...seperpuempontem.]
671 3785 769 3858 'Fer‚·]
783 3791 864 3840 called
873 3792 908 3852 by
919 3789 1101 3840 AlbertofAix

147 3859 211 3908 'l'his
226 3860 318 3922 bridge
334 3875 389 3912 was
404 3876 465 3911 over
479 3862 522 3911 the
537 3861 611 3921 lirin,
635 3861 734 3922 Fertur,
743 3875 769 3921 p.
781 3864 839 3910 228.

146 3934 191 3980 not
207 3930 251 3978 the
263 3929 420 3992 Orontes‚at
435 3930 616 3980 adistenceof
671 3929 759 3979 ⁸Ernt
774 3945 835 3993 pom
853 3925 993 3998 lapidem]
1018 3929 1101 3998 called

145 3999 538 4062 threeleegoerfromsntioch.
565 4001 612 4050 See
638 4000 834 4061 GeserHadid3
852 4000 1030 4063 consistingof
1043 4000 1101 4049 nine

146 4069 262 4131 Wilken,
278 4071 329 4121 rol.
346 4072 364 4122 i.
380 4088 407 4134 p.
419 4076 484 4132 1⁷23
500 4071 614 4135 Gibbon,
638 4070 738 4133 arches,
759 4070 821 4119 with
845 4075 896 4119 two
922 4075 1026 4122 towers.
1036 4070 1102 4119 built

147 4140 184 4192 xi.
195 4155 222 4203 p.
234 4144 277 4204 62,
289 4145 348 4191 uoto
356 4143 391 4204 by
402 4141 444 4192 the
457 4142 554 4192 Editor.
639 4156 707 4203 upon
719 4142 756 4189 lt:
773 4155 816 4190 see
828 4141 957 4204 Pococlre,
973 4141 1101 4202 Deecript.

639 4210 668 4260 of
675 4211 719 4259 the
731 4212 804 4275 Eest,
813 4213 863 4262 vol.
873 4212 902 4261 ii.
912 4226 941 4272 p.
950 4213 968 4262 i.
979 4228 1004 4274 p.
1017 4214 1074 4259 172.
