2820 4882
424 388 564 434 nunnus
587 387 857 438 rusronrnnuu.
1048 373 1114 436 441

166 572 273 617 naves
304 552 493 634 plurimas;
528 557 667 634 pactum
695 551 800 614 etiam
832 571 910 614 oum
942 552 992 614 eis
1022 552 1114 629 iniit,
1127 568 1251 610 nonno.

167 651 325 734 praestito
362 657 590 728 sacramento,
621 650 714 732 quod
748 650 911 733 quicquid
951 652 1027 713 auri
1059 652 1114 714 vel

169 751 316 833 argenti,
339 752 414 815 sive
436 750 672 833 cujuscunque
694 749 829 829 generis
850 749 951 826 lucri,
973 750 1115 814 civitate

168 851 327 926 subacta,
356 856 499 932 possent
531 849 724 930 adquirere,
748 847 784 910 in
809 866 893 911 osus
920 867 1002 910 suos
1024 844 1114 911 redi-

169 956 290 1029 gentes
332 951 451 1012 urbem
495 947 710 1011 solummodo
745 947 820 1028 regi
850 947 1113 1012 concessissent.

172 1047 287 1129 Igitur
310 1041 370 1111 ¹ab
396 1046 586 1110 Ulixibona
611 1044 810 1108 recedentes
829 1045 916 1110 velis
940 1046 1114 1127 prosperis

169 1146 205 1208 in
221 1146 319 1209 brevi
342 1152 480 1227 portum
495 1144 625 1227 Sylviae
641 1144 870 1219 intraverunt,
887 1142 1114 1225 impulsisqne

171 1244 214 1306 ad
228 1251 356 1307 terram
370 1244 529 1319 navibus,
549 1243 775 1325 tentoriisque
798 1241 891 1318 fixis,
912 1242 1031 1305 urbem
1053 1243 1114 1306 ob·

170 1342 302 1406 sidione
318 1343 559 1421 vallaverunt;
585 1347 661 1404 erat
683 1347 799 1404 antem
816 1358 979 1403 numerus
996 1339 1115 1404 Chris-

170 1441 343 1504 tianorum
366 1440 410 1505 ad
441 1458 593 1523 pugnam
615 1446 888 1522 praeparatorum
913 1440 981 1502 tria
1007 1440 1116 1504 millia

171 1541 362 1621 quingenti.
415 1539 550 1603 Deinde
580 1539 635 1602 die
666 1540 770 1603 tertio
793 1539 901 1602 muris
928 1541 1116 1621 appropin-

169 1646 316 1720 quantes
344 1639 511 1702 insultum
535 1639 690 1702 fecerunt
719 1639 933 1713 acerrimum,
956 1639 1115 1702 suburbi-

171 1757 229 1800 um
252 1738 462 1820 irrnperunt,
484 1738 614 1802 fontem
642 1737 747 1801 etiam
772 1736 901 1818 duplici
925 1755 1023 1800 muro
1050 1738 1116 1800 cir·

168 1836 382 1914 cumdatum,
408 1836 591 1900 habentem
612 1836 840 1899 barbecanam
863 1853 986 1898 novem
1011 1836 1116 1897 turri-

171 1935 234 1997 bus
256 1935 531 2017 circumseptam,
552 1953 662 2016 aquo
682 1934 775 1995 cives
799 1931 937 1994 haurire
958 1933 1115 1997 solebant

171 2052 271 2115 aquae
299 2034 558 2109 abundantiam,
580 2040 684 2108 terra,
703 2030 785 2094 fimo
806 2037 842 2094 et
859 2030 1038 2112 lapidibus.
1054 2032 1115 2095 ob·

172 2140 387 2196 struxerunt.
440 2130 599 2195 Gentiles
623 2149 706 2195 vero
726 2148 827 2213 aquae
849 2130 993 2210 penuria
1018 2131 1115 2194 labo·

171 2239 297 2305 rantes,
312 2232 426 2294 animo
437 2237 519 2294 sunt
533 2230 759 2307 consternati;
778 2229 937 2310 princeps
951 2229 1115 2306 civitatis,

171 2325 307 2391 Alchad
334 2330 482 2405 nomine,
499 2348 614 2410 regem
632 2327 718 2391 adiit
735 2326 1022 2408 Portugalensem
1038 2326 1115 2390 red·

170 2427 327 2509 diditque
357 2427 389 2491 ei
415 2429 603 2503 civitatem,
630 2426 872 2509 ignorantibus
897 2424 1114 2491 Christianis.

170 2525 323 2589 Subacta
339 2527 446 2608 igitur
460 2525 662 2589 mirabiliter
681 2526 766 2590 urbe
785 2543 808 2588 a
824 2523 1015 2607 peregrinis
1027 2524 1116 2588 Cru-

168 2625 272 2702 cifixi,
288 2625 431 2689 inventa
451 2632 533 2688 sunt
554 2626 591 2688 in
612 2623 674 2687 illa
694 2643 909 2707 paganorum
930 2624 1114 2706 plusquam

171 2725 358 2804 sexaginta
386 2725 505 2800 millia,
528 2723 589 2804 qui
612 2743 731 2786 omnes
750 2724 786 2786 in
810 2743 869 2787 ore
888 2723 1007 2804 gladii,
1030 2743 1116 2804 prae-

171 2830 224 2886 ter
245 2823 459 2887 solummodo
483 2822 646 2886 tredecim
667 2821 776 2885 millia
794 2823 974 2903 utriusque
999 2841 1117 2899 sexus,

170 2922 357 3004 perierunt.
418 2921 476 2985 Sic
505 2921 750 3003 omnipotentis
778 2920 848 2983 Dei
873 2920 1015 2996 virtute,
1042 2921 1116 2983 sine

170 3021 296 3085 damno
309 3019 596 3095 Christianorum,
615 3017 863 3100 triumphatum
881 3025 936 3081 est
950 3018 993 3080 de
1006 3037 1116 3100 paga·

170 3121 241 3199 nis;
256 3126 303 3195 et,
315 3118 456 3182 civitate
473 3118 631 3182 sordibus
647 3124 683 3181 et
697 3115 901 3180 idololatriis
916 3117 1116 3194 emundata,

173 3217 435 3299 Portugalensis
455 3217 638 3298 episcopus
653 3209 938 3279 'mahumereiam
954 3234 1116 3295 maguam

171 3316 207 3378 in
235 3316 398 3380 honorem
424 3316 492 3378 Dei
514 3315 689 3396 genitricis
717 3314 902 3390 dedicavit,
923 3313 1116 3394 praeficiens

171 3413 219 3476 ibi
230 3416 428 3497 episcopum
444 3414 626 3495 quendam,
642 3412 756 3495 quide
773 3414 931 3495 partibus
942 3412 1117 3477 Flandriae

171 3515 284 3593 gratia
299 3513 588 3595 peregrinationis
604 3512 802 3577 advenerat.

205 3709 257 3761 ¹Au
271 3713 403 3761 Ulioeibono
415 3713 571 3776 recedentes}
588 3711 630 3761 the
689 3707 926 3775 ‘Manem-eiam]
943 3712 1119 3761 or‘macome·

170 3782 356 3845 lothofJu1y3
372 3783 435 3834 ibid.
655 3781 737 3842 riam,’
752 3796 769 3830 a
784 3782 877 3842 temple
894 3781 933 3829 for
945 3781 988 3830 the
1005 3781 1117 3841 worship

655 3851 685 3900 oi
694 3851 823 3899 Mahomet
829 3866 838 3911 ;
856 3850 899 3899 Du
912 3851 1008 3912 Cange,
1018 3850 1050 3898 ad
1060 3864 1111 3899 voc.
