2820 4882
304 409 349 475 36
411 422 413 427 ·
562 422 696 471 noorai
720 421 768 468 nn
786 418 994 469 wnunovna

143 602 199 645 an.
210 605 266 644 10⁸9.
307 583 488 646 devectum
512 581 728 654 invaserunt,
751 579 812 661 qui
834 598 916 643 mox
934 584 1029 641 totus
1056 595 1078 641 a
1102 576 1261 640 bestiolis

305 683 375 746 illis
392 681 599 745 dilaceratus
625 679 831 744 horrendam
848 698 967 742 earum
981 677 1108 741 famem
1130 677 1168 741 in
1184 697 1262 740 mo·

307 789 424 846 mento
441 781 570 844 refecit.

356 948 405 1012 De
421 957 513 1012 morto
527 946 719 1032 Luofruaci,
737 945 973 1011 Ouerourieasis
988 944 1221 1033 archiepiscopi.

145 1079 255 1170 ffiffigg·
358 1073 488 1138 Eodem
515 1092 606 1136 anno
624 1066 726 1137 ¹ohiit
752 1072 981 1148 Lanfrancus,
996 1071 1261 1135 Cantuariensis

290 1195 292 1199 ’
308 1174 598 1257 archiepiscopus,
614 1174 686 1256 qui,
709 1173 799 1237 inter
811 1179 937 1235 caetera
954 1191 1032 1253 quae
1051 1172 1132 1239 fecit
1149 1172 1262 1254 pieta-

307 1274 354 1341 tis
379 1294 496 1357 opera,
518 1274 683 1357 majorem
711 1273 892 1341 ecclesiam
917 1271 1048 1336 Christi
1072 1271 1259 1336 Cantuari-

307 1393 424 1437 ensem
450 1375 643 1448 renovavit,
665 1371 819 1436 officinas
842 1372 1087 1437 monachorum
1115 1371 1263 1435 fabrica-

308 1473 371 1549 vit,
387 1475 574 1555 dignitates
597 1474 763 1550 ecclesiae,
790 1492 868 1555 quae
892 1480 1150 1536 antecessorum
1179 1492 1262 1535 suo·

308 1593 385 1636 rum
400 1574 533 1637 incuria
549 1574 759 1650 deciderant,
775 1572 987 1643 reformavit,
1002 1580 1114 1636 terras
1131 1573 1260 1636 multas

308 1692 387 1755 quae
417 1674 543 1738 ablatae
573 1674 711 1738 fuerant
742 1673 931 1749 revocavit,
957 1672 1082 1754 viginti
1109 1673 1261 1754 quinque

309 1775 462 1837 maneria
487 1776 696 1838 monasterio
726 1774 878 1838 restituit
900 1792 993 1856 saepe
1019 1772 1125 1848 dicto,
1152 1793 1260 1838 xeno·

309 1874 433 1938 dochia
447 1874 502 1938 vel
522 1867 742 1958 ²protrophia
764 1875 833 1936 duo
856 1881 957 1937 extra
979 1873 1155 1943 civitatem
1178 1885 1262 1938 con-

309 1975 450 2051 struxit,
467 1974 591 2056 quibus
612 1974 654 2038 de
679 1995 742 2038 suo
769 1972 978 2037 sufficienter
993 1992 1127 2036 annuos
1144 1973 1261 2037 reddi·

310 2082 366 2138 tus
393 2075 609 2156 assignavit3
645 2075 825 2139 ecclesiam
861 2073 1057 2137 Roffensem
1086 2081 1263 2137 restaura-

309 2175 372 2251 vit,
389 2183 424 2239 et
449 2177 485 2238 in
509 2195 551 2239 ea
574 2175 778 2239 monachum
803 2175 919 2250 Becci‚
937 2173 1166 2247 Hernostum‚
1189 2175 1262 2256 epi-

309 2293 452 2357 scopum
469 2275 654 2351 ordinavit,
670 2277 706 2338 in
734 2275 834 2358 cujus
863 2274 1121 2337 consecratione
1139 2285 1262 2341 versus

310 2375 377 2437 iste
391 2375 553 2440 inventus
570 2382 623 2438 est
639 2396 743 2458 super
756 2376 866 2438 altare
879 2396 888 2452 ;
906 2379 916 2408 ‘
930 2373 1009 2437 Cito
1023 2374 1174 2456 proferte
1189 2382 1262 2438 sto-

311 2474 380 2537 lam
397 2475 566 2557 primam,’
582 2482 648 2539 ete.
701 2475 813 2553 Quem
837 2494 914 2538 cum
931 2474 1075 2537 vidisset
1093 2474 1263 2557 archiepi-

312 2594 449 2657 scopus,
475 2575 638 2657 praedixit
664 2596 742 2639 eum
764 2577 834 2639 cito
857 2574 1083 2653 moriturum3
1119 2594 1200 2637 nam
1231 2576 1263 2638 ei

311 2675 347 2742 in
375 2675 577 2760 episcopatu
601 2696 692 2740 anno
714 2676 866 2739 nondum
891 2675 1062 2758 completo
1084 2674 1262 2739 decedenti

312 2777 479 2839 successit
505 2775 715 2853 Gundulfus,
755 2777 938 2839 Beccensis
969 2775 1170 2851 monachus
1203 2776 1262 2857 qui

311 2878 546 2957 perseveravit
578 2896 687 2958 usque
719 2877 755 2938 in
786 2884 942 2957 tempora
978 2875 1123 2939 Henrici
1156 2876 1260 2956 regis

313 2971 518 3039 Abbatiam³
549 2978 643 3039 beati
668 2976 809 3051 Albani,
843 2975 1039 3058 Anglorum
1068 2982 1263 3057 protomar·

312 3077 412 3159 tyriS,
441 3077 484 3138 ad
519 3084 650 3139 statum
679 3077 839 3156 reduxit3
877 3076 1055 3156 Angliam,
1088 3095 1170 3157 rege
1202 3078 1263 3138 ab·

310 3183 420 3252 sente,
443 3177 641 3253 custodivit,
668 3178 808 3241 lectioni
835 3176 971 3240 assidue
985 3177 1136 3252 vacavit,
1155 3176 1263 3240 libros

311 3277 437 3340 veteris
457 3296 498 3340 ac
515 3279 595 3341 novi
614 3276 842 3352 Testamenti,
859 3277 1066 3359 scriptorum
1084 3276 1170 3339 vitio
1188 3296 1264 3339 cor-

310 3383 443 3459 ruptoS,
459 3379 630 3458 corrigere
646 3378 790 3453 studuit,
807 3377 907 3460 cujus
922 3375 1171 3440 emendationis
1185 3377 1263 3440 luce

310 3481 382 3538 tam
400 3475 593 3558 Anglorum
614 3478 759 3541 ecclesia
782 3496 885 3558 quam
909 3475 1092 3540 Gallorum
1118 3495 1155 3539 se
1177 3496 1263 3556 gau-

310 3574 369 3639 det
391 3576 569 3640 illustrari.
621 3577 796 3640 Defuncto
818 3577 937 3658 itaque
954 3576 1139 3639 venerabili
1163 3584 1264 3658 patre

345 3797 439 3850 *Obiit
461 3801 637 3864 Mafruacua]
663 3802 713 3849 For
731 3800 772 3850 the
799 3801 841 3850 the
863 3802 946 3862 abbey
967 3800 1006 3849 for
1028 3800 1070 3848 the
1092 3801 1155 3850 sake
1177 3802 1207 3850 of
1222 3802 1262 3852 his

309 3871 354 3927 life
365 3871 393 3920 of
402 3872 527 3921 Lanfranc
539 3873 638 3920 consult
652 3872 772 3921 Malmsb.
799 3871 916 3920 kinsman
945 3871 1022 3932 Paul,
1044 3871 1102 3920 who
1124 3872 1176 3920 had
1199 3874 1263 3922 been

310 3941 342 3990 de
355 3941 451 3991 Pontis.
463 3957 489 4002 p.
502 3946 559 4002 205,
570 3957 634 4004 seqq.
659 3943 701 3996 He
713 3941 772 3990 died
799 3942 872 3990 made
890 3943 967 3989 abbot
977 3946 1004 3990 at
1014 3942 1054 3990 his
1070 3956 1128 3990 own
1144 3942 1265 3993 intereas*
1340 3941 1345 3952 ¹

310 4012 352 4060 the
362 4012 423 4061 alth
435 4026 463 4060 or
474 4012 534 4060 aeth
545 4012 574 4060 oi
583 4013 646 4073 May
656 4015 728 4060 1089.
798 4012 862 4062 sion.
898 4012 963 4061 Mat.
976 4012 1060 4072 Paris,
1076 4013 1102 4059 in
1119 4013 1159 4061 his
1176 4014 1220 4064 life
1238 4015 1268 4069 oi

314 4117 317 4122 .
344 4079 774 4145 ²Protrophiu.]‘Procotrophia,’C.
799 4083 875 4130 ahhot
892 4081 970 4143 Paul,
989 4086 1067 4131 states
1083 4082 1133 4130 him
1154 4088 1180 4132 to
1197 4085 1261 4134 have

312 4187 315 4193 .
345 4148 498 4201 3Αὸὸαΐὶωη
537 4152 601 4201 beuti
639 4151 771 4214 Atheon]
798 4153 871 4213 been,
894 4152 1030 4215 according
1057 4167 1087 4202 as
1109 4168 1178 4203 some
1200 4169 1264 4216 eup-

309 4220 468 4285 Malmsbury
480 4236 539 4284 says
555 4223 610 4271 that
628 4223 660 4271 he
679 4222 773 4270 rebuilt
798 4223 887 4287 posed,
897 4223 939 4272 the
951 4238 996 4273 eon
1007 4223 1037 4273 of
1043 4224 1085 4273 the
1099 4224 1263 4288 archhishop,
