2820 4882
430 441 568 490 anonas
592 427 1114 491 nrsronraauu.101

163 604 285 681 pantes
300 599 535 683 municipium,
552 600 638 665 illud
659 601 787 666 nostris
806 599 1017 684 principibus
1034 601 1111 666 red·
1124 617 1180 658 an
1190 618 1247 658 1⁰⁹⁸

165 698 335 765 didernnt.
389 700 595 766 Ceciderunt
612 709 728 766 autem
744 702 800 765 die
814 701 875 766 illa
892 721 937 766 ex
954 701 1112 766 hostibus
1123 668 1275 761 affiatu.

166 799 207 862 ad
234 799 306 865 duo
335 801 456 880 millia,
474 821 520 866 ex
544 803 669 885 quibus
696 803 886 884 quingenta
912 803 1029 885 capita
1057 823 1111 866 re·

164 906 344 981 portantes
369 921 448 967 cum
474 902 567 967 mille
590 903 689 985 equis
714 901 854 985 optimis
881 910 917 966 et
940 902 1112 967 manubiis

163 1000 310 1082 copiosis
328 1001 373 1065 ad
388 1009 505 1066 castra
519 1003 647 1068 reversi
663 1009 756 1080 sunt,
776 1003 904 1066 multas
921 1002 1112 1084 gratiarum

165 1099 318 1165 actiones
334 1102 485 1166 Domino
499 1102 747 1186 persolventes.
784 1101 889 1167 Cives
906 1121 1043 1185 quoque
1059 1103 1112 1167 in·

165 1207 269 1280 terea,
290 1221 353 1284 per
369 1211 505 1285 portam
528 1203 680 1268 civitatis
703 1203 861 1267 certatim
884 1202 1111 1284 egredientes,

164 1299 232 1364 iere
255 1308 333 1367 tota
357 1301 413 1366 die
437 1303 565 1367 nostris
591 1303 797 1385 gravissima
824 1302 1016 1367 intulerunt
1039 1321 1113 1366 cer-

164 1401 304 1480 tamina,
321 1402 430 1467 donec
446 1409 641 1467 nostrornm
664 1403 844 1467 audientes
866 1403 1053 1467 adventum
1075 1403 1110 1466 in

164 1500 304 1566 civitate
326 1521 402 1567 sese
423 1511 639 1587 receperunt.
693 1503 873 1586 Principes
896 1504 1014 1585 itaque
1037 1504 1110 1568 vic·

165 1607 255 1666 tores
273 1602 318 1667 ad
341 1603 553 1668 obsidionem
570 1604 699 1669 reversi
722 1604 871 1667 ducenta
888 1602 1004 1687 capita
1019 1603 1110 1667 Tur-

163 1694 292 1780 corum,
314 1703 503 1786 insignum
526 1703 691 1787 triumphi
710 1711 745 1768 et
764 1702 894 1768 doloris
915 1722 1034 1768 eorum
1056 1704 1110 1767 in·

163 1810 383 1880 crementum,
409 1804 577 1869 machinis
598 1804 816 1890 jaculatoriis
842 1805 878 1867 in
902 1803 1021 1867 urbem
1046 1803 1110 1867 im·

163 1903 252 1967 mitti
284 1902 458 1985 fecerunt3
491 1912 619 1969 caetera
647 1924 731 1969 vero
761 1911 844 1968 ante
872 1903 990 1967 urbem
1021 1903 1112 1987 palis

165 2003 301 2067 confixa
315 2011 525 2082 statuerunt,
542 2012 668 2070 uttam
690 2003 765 2069 haec
788 2023 892 2087 quarn
914 2003 977 2067 illa
993 2022 1111 2067 eorum

163 2103 339 2168 molestias
356 2104 581 2187 adaugerent.

272 2281 440 2368 Perepriai
453 2281 579 2348 trecenti
592 2302 614 2346 c
632 2282 743 2347 Turris
750 2287 1001 2368 producantur.

209 2402 368 2487 Cumque
402 2405 574 2488 principes
604 2424 723 2470 omnes
748 2406 793 2470 ad
820 2404 1033 2470 obsidionem
1059 2422 1110 2467 re-
1122 2417 1220 2512 unffi

161 2504 250 2569 versi
277 2505 437 2584 luissent,
462 2505 633 2570 invadunt
656 2505 782 2570 acriter
807 2504 959 2569 universi
981 2504 1110 2568 moenia

162 2604 334 2686 civitatis3
358 2613 480 2670 contra
497 2624 585 2689 qnos
604 2607 698 2670 cives
720 2606 885 2670 acerrime
903 2603 1109 2669 rebellantes

160 2704 361 2787 signiferum
393 2692 575 2771 Podiensis
604 2706 757 2790 episcopi
789 2712 824 2769 et
859 2704 986 2768 multos
1022 2704 1110 2769 alios

160 2814 388 2887 peremerunt.
437 2807 607 2885 Tandem,
629 2826 707 2870 cum
726 2807 762 2869 in
784 2824 935 2869 mensem
951 2804 1110 2887 quintum

160 2925 195 2970 se
220 2906 439 2989 protraheret
463 2906 609 2985 obsidio,
633 2913 799 2971 venerunt
821 2924 928 2969 naves
951 2903 974 2967 J
977 2923 1109 2968 anuen·

161 3006 260 3084 sium,
295 3007 496 3091 peregrinos
522 3015 558 3071 et
589 3007 754 3071 victualia
783 3005 945 3082 serentes,
978 3012 1014 3068 et
1042 3003 1109 3069 sre-

160 3108 343 3189 quentibus
360 3108 491 3172 nuntiis
507 3107 699 3189 exigentes,
717 3115 769 3184 ut,
787 3106 901 3170 missis
917 3104 1051 3186 aliquot
1066 3105 1109 3170 de

160 3208 384 3291 principibuS,
410 3227 530 3272 secure
544 3224 615 3272 —eos
646 3207 691 3271 ad
715 3213 832 3272 castra
857 3205 1107 3285 conducerent3

159 3307 250 3389 quod
273 3307 452 3372 audientes
474 3307 658 3392 peregrini,
680 3308 738 3389 qui
761 3308 798 3370 in
814 3306 992 3371 obsidione
1009 3311 1108 3368 erant

89 3467 94 3476 .
160 3416 192 3472 et
221 3409 336 3474 victus
366 3409 511 3492 penuria
542 3396 772 3484 vexabantur,
798 3406 956 3471 infinitus
988 3424 1107 3469 eorum

160 3497 320 3575 numerus
331 3510 374 3573 ad
389 3529 483 3574 mare
494 3507 683 3584 descendit,
698 3508 769 3585 ubi,
783 3507 931 3590 peractis
946 3505 1107 3601 negotiis

160 3611 201 3674 ad
216 3617 334 3675 castra
349 3609 461 3674 redire
476 3615 685 3694 proponunt.
732 3607 919 3689 Eliguntur
931 3607 1049 3687 itaque
1065 3606 1109 3669 de

159 3710 370 3794 principibus
398 3710 557 3775 dominus
580 3708 815 3785 BoamunduS,
841 3725 956 3772 comes
978 3705 1109 3770 Tholo-

160 3830 276 3888 sanus,
291 3811 488 3876 Everardus
505 3810 548 3874 de
567 3810 717 3886 Pusaco,
733 3802 786 3872 ¹et
802 3827 916 3872 comes
929 3805 1108 3871 Garnerus
1213 3853 1217 3858 ›

160 3911 198 3977 de
224 3911 328 3990 GreS,
352 3920 392 3977 ut
413 3911 614 3995 peregrinos
636 3909 695 3992 qui
717 3909 753 3972 in
775 3915 877 3992 portu
903 3913 1014 3985 erant,
1036 3913 1108 3971 tam

192 4121 201 4154 ¹
219 4127 255 4174 Et
265 4139 342 4175 conus
355 4124 481 4173 Gammae
491 4123 521 4170 dc
535 4119 619 4183 Grec]
645 4118 731 4168 where
742 4118 785 4166 the
796 4117 913 4168 Gonoese
930 4115 1110 4170 dieembnrked

160 4198 248 4248 Albert
268 4195 299 4245 oi
323 4195 376 4244 Aix
399 4193 464 4243 adds
487 4191 621 4253 Raymond
645 4191 705 4238 bore
720 4188 763 4237 the
780 4202 852 4238 name
868 4188 897 4236 of
910 4189 937 4239 S.
949 4188 1050 4238 Simeon
1067 4185 1110 4237 the

161 4274 234 4319 count
255 4266 285 4317 ol
306 4266 444 4316 Provence.
486 4262 541 4312 'l'he
566 4267 622 4323 port
648 4260 765 4320 llermit3
780 4259 843 4310 ltid.
854 4275 881 4322 p.
893 4263 951 4309 236.
