2820 4882
350 377 416 443 350
609 392 744 442 noonnr
769 392 816 438 nu
839 391 1047 440 wnnnovnn

189 565 315 626 Apono
353 549 413 613 sed
434 549 488 612 dic
509 549 624 626 ter-tiu,
639 568 717 612 cum
734 546 847 611 adhuc
863 553 956 611 esset
972 547 1009 610 in
1023 546 1209 630 lachrymis
1225 555 1311 611 ante
1355 617 1358 626 ,

189 616 302 706 dffddduc·
353 650 463 713 altare
481 650 722 732 procumbenS,
737 648 825 711 vidit
840 647 991 729 puellam
1014 646 1059 709 ad
1082 647 1192 711 altare
1210 647 1310 710 veni-

353 758 479 826 entem,
506 756 553 825 et,
569 749 702 813 vocatis
733 767 811 812 cum
841 747 1063 811 festinatione
1093 747 1311 829 parentibuS,

352 849 502 913 reddidit
524 848 573 912 eis
600 848 752 931 puellam
776 848 995 924 incolumem,
1011 847 1212 931 jurantibus
1238 846 1310 910 illis

352 950 461 1031 priuS,
478 948 571 1030 quod
589 955 759 1011 secretum
779 947 857 1023 hoc,
875 946 957 1008 dum
972 945 1144 1011 Godricns
1160 947 1310 1025 viveret,

354 1048 482 1112 nemini
496 1047 702 1112 revelarent.
727 1044 809 1112 Alio
826 1065 964 1129 quoquc
980 1054 1135 1129 tempore
1149 1048 1226 1111 viro
1239 1047 1310 1111 Dei

353 1167 499 1231 puerum
528 1155 701 1211 mortuum
738 1166 759 1209 a
792 1146 995 1230 parentibus
1027 1146 1116 1209 clam
1151 1147 1310 1212 oblatum

349 1247 457 1331 jussit
489 1266 593 1329 super
624 1247 734 1311 altare
765 1246 802 1309 in
833 1246 986 1310 oratorio
1014 1248 1127 1311 beatae
1159 1247 1308 1328 virginis

354 1367 494 1429 ponere,
517 1355 553 1410 ct
574 1353 735 1428 parentes
761 1345 945 1410 consolans
968 1345 1226 1430 lachrymantes
1246 1347 1309 1425 ait,

354 1451 365 1480 ‘
381 1446 438 1511 Ne
454 1447 607 1532 putetis?
623 1446 748 1528 inquit,
764 1451 934 1528 ‘puerum
951 1465 1027 1509 csse
1042 1452 1229 1524 mortuum,
1245 1446 1308 1510 sed

355 1565 489 1609 mecum
504 1546 605 1609 flexis
623 1546 768 1628 genibus
784 1545 937 1609 divinam
952 1565 1016 1628 pro
1033 1566 1140 1629 puero
1157 1546 1310 1610 clemen·

355 1647 439 1710 tiam
457 1644 625 1710 exorate'
677 1645 844 1709 Oratione
866 1645 974 1726 igitur
1004 1645 1187 1728 completa,
1216 1665 1309 1729 prae·

355 1745 447 1828 cepit
470 1752 510 1808 ut
539 1765 617 1808 eum
647 1744 810 1809 tollerent
838 1744 880 1807 de
906 1744 1021 1821 altari,
1045 1752 1081 1809 et
1105 1745 1310 1810 accedentes

355 1845 530 1910 viventem
560 1845 737 1926 reperiunt
770 1852 805 1909 et
827 1843 1019 1924 ridentem3
1054 1865 1207 1928 moxque
1229 1845 1309 1909 illos

356 1943 582 2009 sacramentis
598 1943 818 2023 constrinxit,
835 1964 878 2008 ne
894 1944 959 2008 hoc
980 1965 1068 2030 opus
1091 1952 1172 2009 ante
1198 1945 1309 2028 ipsius

356 2045 488 2109 obitum
503 2044 738 2127 propalarent.

453 2217 594 2298 Qualiter
610 2216 754 2281 canacho
770 2219 868 2282 citam
883 2219 947 2303 ejas
960 2218 1089 2283 scribere
1103 2220 1216 2284 colenti

735 2317 928 2401 responderit.

407 2440 544 2505 Habuit
570 2447 687 2504 autem
715 2441 769 2504 vir
793 2449 935 2506 sanctus
961 2442 1148 2508 monachos
1174 2445 1310 2510 Dunel-

357 2560 492 2605 menses
506 2540 608 2605 valde
625 2539 824 2619 familiareS,
843 2541 902 2606 sed
923 2548 1040 2607 tamen
1055 2543 1146 2609 inter
1161 2552 1309 2609 caeteros

357 2640 562 2704 monachum
586 2641 759 2723 quendam
781 2641 919 2710 nomine
939 2637 1004 2706 ¹N.
1025 2643 1211 2727 specialius
1233 2644 1312 2709 dili.

358 2741 475 2823 gebat.
527 2740 598 2803 Hic
622 2747 752 2819 autem,
770 2760 847 2805 cum
875 2761 897 2806 a
916 2741 1036 2810 multis
1063 2751 1208 2823 rogatus
1227 2744 1310 2810 tuin

357 2848 423 2917 set,
444 2846 484 2903 ut
499 2840 606 2903 vitam
630 2848 665 2904 et
685 2840 832 2905 virtutes
857 2842 970 2906 sancti
992 2841 1135 2907 Godrici
1158 2844 1309 2925 posteris

358 2939 558 3021 profuturas
587 2938 696 3003 literis
722 2941 989 3019 commendaret,
1010 2941 1085 3023 ipse
1106 2962 1170 3025 pro
1194 2962 1310 3009 rerum

358 3040 506 3103 veritate
538 3038 664 3102 certius
699 3038 905 3122 inquirenda
941 3041 1090 3107 accessit
1117 3041 1163 3106 ad
1195 3044 1309 3109 virum

360 3139 440 3214 Dei,
455 3139 575 3203 volens
598 3139 642 3201 ab
668 3158 722 3214 eo,
747 3139 829 3221 quid
855 3140 1005 3208 scrihere
1030 3140 1183 3218 deberet,
1207 3141 1309 3209 famiae

359 3239 477 3302 liarius
492 3237 632 3301 erudiri.
685 3237 857 3303 Residens
875 3247 991 3306 autem
1008 3239 1050 3305 ad
1073 3241 1178 3323 pedes
1193 3244 1310 3308 sancti

360 3338 461 3411 dixit,
478 3337 571 3420 quod
593 3336 740 3402 libenter
755 3338 921 3403 scriberet
935 3340 1043 3405 vitam
1064 3340 1175 3422 ipsius
1194 3342 1225 3407 si
1247 3361 1310 3407 an-

359 3444 492 3515 nueret,
521 3443 718 3518 protestans
747 3457 851 3520 quam
881 3439 965 3504 utile
993 3438 1078 3515 fore,
1108 3440 1140 3504 si
1166 3447 1308 3506 actuum

359 3537 435 3621 ejus
469 3536 595 3602 notitia
629 3535 673 3598 ad
708 3544 865 3618 posteros
894 3537 1096 3617 deveniret3
1135 3538 1195 3606 ille
1225 3561 1308 3607 xero

359 3636 461 3717 quasi
486 3643 677 3701 commotus
692 3636 827 3701 vultum
850 3645 1055 3706 convertens
1080 3639 1143 3716 ait,
1165 3639 1308 3706 ‘Vitam

360 3734 515 3812 Godrici,
531 3735 652 3813 amice,
676 3735 780 3800 talem
799 3756 875 3803 esse
895 3756 1109 3820 cognomen
1134 3737 1309 3806 Godricus

359 3836 471 3917 primo
502 3835 653 3898 rusticus
682 3835 833 3917 pinguis,
869 3837 1070 3914 fornicator,
1098 3838 1310 3918 immundus,

395 4038 465 4107 1Ν.]
483 4043 653 4108 Probablyan
665 4060 733 4094 error
743 4045 772 4095 ol
779 4046 822 4095 the
849 4046 973 4098 collected
994 4047 1037 4101 the
1058 4049 1189 4099 materiale
1211 4050 1250 4101 for
1271 4051 1312 4104 his

358 4113 511 4162 transcribet
526 4111 632 4164 sor‘R.'
645 4130 675 4163 or
686 4115 823 4177 Reginam,
848 4116 902 4166 lise.
937 4117 986 4167 See
1005 4118 1137 4182 prologue,
1151 4120 1178 4168 in
1190 4120 1251 4173 Act.
1266 4122 1312 4172 SS.

358 4180 422 4230 from
432 4182 514 4230 whom
532 4185 684 4246 principally
702 4185 825 4247 Geoffrey
849 4202 874 4248 p.
884 4190 926 4235 70.
