2820 4882
310 410 354 474 lo
570 427 705 475 noorai
729 426 776 473 on
799 424 1008 473 wnuoovnn

144 601 200 641 in.
212 603 268 642 1074.
308 584 412 649 lelmo
427 585 590 666 congredi
608 604 676 648 non
695 584 873 647 audentes.
916 583 1047 647 Eodem
1062 601 1154 646 anno
1165 575 1172 612 ¹
1183 581 1262 646 Edi·

308 685 368 748 tha
384 685 518 766 regina,
528 685 661 748 decimo
671 683 793 767 quinto
808 682 975 746 kalendas
987 682 1010 745 J
1013 682 1162 758 anuarii,
1171 683 1262 764 apud

307 784 522 849 Wintoniam
555 785 718 866 migravit
747 784 789 846 ad
819 783 1020 859 Dominum,
1045 788 1092 859 et,
1113 782 1259 866 jubente

307 903 402 966 rege,
430 885 522 966 apud
542 884 890 948 westmonasterium
915 882 1053 964 sepulta
1077 889 1132 945 est
1157 883 1263 967 juxta

307 986 419 1047 virum
437 1004 537 1047 suum
555 1004 671 1066 regem
689 982 910 1047 Edwardum.

440 1155 528 1235 Quod
542 1176 634 1218 comcs
653 1153 837 1238 Waltbeoscs
852 1153 952 1238 capite
960 1153 1124 1237 privatur.

361 1279 462 1344 Anno
478 1278 619 1343 Domini
637 1295 782 1342 MLXXV.
799 1298 862 1340 rex
877 1277 1075 1340 Willelmus
1098 1280 1263 1361 praecepit

308 1378 542 1443 Weltheofum
565 1379 724 1442 comitem
748 1379 785 1440 in
801 1378 982 1442 Wintonia
1005 1396 1112 1458 poena
1137 1380 1261 1461 capitis

307 1480 449 1561 privari,
466 1486 503 1542 et
517 1485 618 1543 extra
635 1479 812 1541 civitatem
835 1478 871 1540 in
889 1478 982 1542 bivio
998 1476 1160 1558 sepeliri;
1188 1480 1260 1555 sed,

307 1598 472 1661 processu
483 1579 662 1660 temporis,
676 1597 803 1658 corpus
814 1577 890 1660 ejus
903 1576 1064 1641 effossum
1079 1578 1123 1640 ad
1137 1580 1262 1661 sepeli-

308 1679 433 1742 endum
443 1698 520 1742 cum
530 1698 658 1760 magno
667 1676 1261 1759 honoreCroilandiamdeportatur.

308 1778 363 1842 Ac
373 1778 496 1841 deinde
510 1798 573 1842 rex
587 1778 631 1841 ad
645 1776 907 1841 Armoricanam
917 1777 1137 1840 Britanniam
1150 1784 1263 1842 trans-

165 1857 182 1886 ῃ
206 1857 256 1886 '¹¹¹'
307 1879 382 1942 iens
405 1877 557 1942 Dolense
585 1884 736 1940 castrum
763 1877 910 1954 obsedit,
935 1877 996 1940 sed
1021 1897 1085 1940 rex
1108 1878 1262 1943 Franco·

307 1999 383 2041 rum
410 1977 581 2042 hostiliter
597 1978 844 2059 superveniens
872 1996 973 2041 omne
995 1978 1046 2040 eis
1069 1978 1262 2042 subsidium

307 2078 416 2142 vitale
437 2079 624 2160 subtegat;
655 2077 746 2140 unde
763 2096 839 2154 rex,
854 2077 1033 2140 obsidione
1050 2077 1206 2154 dimissa,
1224 2080 1261 2141 in

307 2197 446 2242 recessu
468 2197 533 2242 suo
557 2177 684 2240 milites
705 2176 834 2240 multos
855 2183 892 2239 et
908 2196 1016 2258 equos
1037 2196 1115 2240 cum
1138 2180 1261 2260 opibus

306 2278 433 2340 ibidem
461 2278 588 2339 amisit.
642 2276 718 2340 Nec
742 2276 852 2340 multo
879 2283 960 2359 post
984 2295 1084 2359 reges
1112 2278 1263 2358 praefati,

307 2377 389 2439 licet
410 2377 506 2439 brevi
528 2383 695 2457 tempore,
712 2377 748 2438 in
769 2377 988 2440 concordiam
1011 2388 1260 2442 convenerunt.

309 2476 439 2539 Eodem
458 2495 549 2539 anno
565 2476 654 2538 idem
667 2475 875 2553 Willelmus,
890 2477 947 2539 die
963 2484 1085 2540 sancto
1101 2476 1261 2558 Paschae,

307 2575 344 2638 in
371 2575 518 2639 ecclesia
541 2574 729 2639 Fischanni
753 2575 860 2639 filiam
886 2595 986 2639 suam
1009 2576 1174 2640 ceciliam
1200 2581 1263 2642 ob-

308 2676 390 2739 tulit
406 2675 484 2739 Deo
498 2676 777 2753 consecrandam.
830 2675 900 2738 Per
915 2677 1006 2739 idem
1029 2682 1167 2758 tempus
1184 2677 1259 2742 Ro-

307 2777 438 2852 bcrtus‚
455 2775 622 2839 Willelmi
642 2777 736 2856 regis
755 2775 859 2852 filius,
877 2777 934 2838 cui
954 2776 1047 2839 idem
1065 2797 1142 2853 rex,
1160 2787 1261 2842 aute·

308 2894 414 2957 qnam
430 2873 595 2956 Angliam
612 2875 829 2958 subjugaret,
848 2875 1099 2939 Normanniam
1118 2877 1263 2944 dederat

308 2993 425 3038 coram
436 2974 600 3058 Philippo
610 2975 822 3038 Francorum
834 2995 928 3056 rege,
936 2970 1054 3052 ²nunc,
1065 2978 1150 3059 qnia
1159 2987 1261 3060 pater

308 3073 380 3138 filio
410 3094 487 3138 eam
514 3075 689 3157 possidere
721 3095 792 3138 non
819 3076 1053 3157 permittebat,
1082 3077 1261 3142 Robcrtus

309 3173 493 3239 Franciam
510 3175 607 3251 adiit,
623 3183 659 3239 et
672 3175 804 3238 auxilio
821 3175 977 3259 ejusdem
991 3178 1084 3258 regis
1097 3197 1261 3259 magnam

306 3274 504 3358 frequenter
526 3277 562 3339 in
584 3275 803 3340 Nor-mannia
826 3276 979 3357 praedam
1001 3278 1142 3359 agebat,
1156 3279 1262 3342 villas

306 3378 542 3453 comburebat,
575 3377 730 3441 homines
762 3376 963 3458 perimebat,
993 3385 1029 3439 et
1064 3377 1157 3459 patri
1193 3398 1259 3442 suo

307 3495 376 3538 uon
398 3477 567 3540 modicam
581 3479 792 3540 anxietatem
812 3483 848 3539 et
868 3476 1063 3539 molestiam
1075 3477 1260 3543 inferebat.

308 3574 411 3638 Unde
439 3596 503 3638 rex
528 3575 738 3653 willelmus,
770 3584 893 3640 contra
924 3577 1118 3641 Robertum
1148 3578 1259 3642 filiurn

305 3693 406 3737 snum
424 3675 553 3738 bellum
566 3694 687 3756 agens,
696 3670 809 3758 'apud
823 3675 990 3740 Gerberai
1005 3685 1157 3740 castrum
1171 3677 1261 3741 Gal·

306 3933 483 4055 minuma]
499 3937 688 4003 ‘Eadgitlrl'eo,'
708 3943 769 3990 Sax.
795 3938 889 3990 chron.
901 3943 952 3990 and
965 3943 1095 4004 Florence,
1104 3948 1131 3994 in
1142 3947 1185 3996 the
1197 3964 1262 4008 ,rear

340 4106 352 4134 ²
363 4104 458 4178 Nnc]
469 4111 606 4173 ‘Nempe’
617 4115 648 4162 C.

340 4205 353 4235 ³
567 4211 574 4220 ¹
778 4110 862 4210 lupon
877 4151 1260 4221 modumveryimmediatels

362 4207 436 4271 Apul
454 4209 596 4274 Galen]
614 4211 669 4260 'ste
684 4215 1221 4280 snmweuphisownhnsetohim.
