2820 4882
160 621 206 660 me
214 621 238 660 ot

320 385 387 450 278
571 401 705 449 nouum
729 402 777 449 nn
800 399 1009 450 wannovnn

160 571 216 610 w·
226 571 281 610 ¹¹³⁴·
322 561 440 641 itaque
454 559 665 642 aliquamdiu
681 558 896 642 poenitentiae
912 578 985 624 suae
996 559 1188 641 proposito,
1203 558 1271 623 iter

160 669 277 715 suma.
324 660 464 725 tandem
486 658 762 740 praemeditatum
785 658 942 741 arripuit,
964 665 1005 723 ut
1024 658 1070 721 ad
1087 657 1272 723 Wlsricum

324 759 392 823 Dei
409 759 556 822 amicum
570 759 716 836 veniret,
733 765 780 835 et,
796 764 973 822 transacto
988 758 1093 839 longo
1109 757 1176 821 viae
1190 777 1272 839 spa·

324 859 385 934 tio,
401 858 445 920 ad
464 858 589 922 vadum
607 857 745 940 quidem
763 857 857 921 illius
875 856 1040 934 fluminis,
1057 856 1150 939 quod
1169 864 1272 921 extra

325 956 576 1039 Heselhergam
594 957 700 1021 situm
724 964 788 1032 est,
806 956 965 1032 accessit,
984 956 1051 1020 iter
1070 974 1172 1019 suum
1197 957 1272 1019 Do-

325 1057 419 1121 mino
443 1063 690 1138 prosperante;
720 1055 775 1119 vir
799 1061 915 1118 autem
939 1053 1011 1132 illo,
1040 1073 1119 1118 cum
1142 1054 1272 1119 vadum

324 1155 449 1219 fuisset
466 1155 645 1237 ingressus
663 1161 699 1219 et
717 1155 761 1218 de
779 1155 873 1218 beati
888 1153 1027 1219 Wlfrici
1044 1154 1274 1218 subventione

325 1274 422 1336 spem
438 1261 568 1320 certam
585 1253 811 1336 concepisset,
828 1253 1028 1337 supervenit
1044 1253 1203 1319 diabolus
1220 1254 1274 1317 ira

326 1354 425 1436 gravi
444 1372 644 1430 succensus,
663 1361 699 1418 et
712 1371 836 1417 manus
853 1352 890 1417 in
914 1352 1086 1416 hominem
1101 1353 1275 1418 violentas

327 1453 516 1517 immittens
539 1453 714 1517 infremuit
746 1459 782 1516 et
806 1452 869 1530 ait,
900 1451 1021 1531 ‘Quid
1048 1450 1124 1529 est,’
1148 1453 1275 1536 inquit,

328 1551 517 1636 ‘proditor,
537 1552 629 1634 quod
646 1551 760 1618 facere
777 1552 948 1616 voluistil
973 1551 1111 1615 Moliris
1132 1559 1274 1634 pactum

328 1658 485 1716 nostrum
509 1652 710 1731 dissolvere,
737 1651 798 1717 sed
827 1651 968 1728 frastra,
993 1651 1076 1733 quia
1106 1652 1274 1734 proditio·

327 1750 394 1828 nis,
416 1770 487 1833 qua
507 1751 589 1816 olim
612 1751 689 1834 Deo
711 1751 917 1816 renuntiasti
934 1758 1055 1833 etqua
1076 1770 1168 1814 nunc
1190 1751 1276 1814 mihi

328 1851 527 1916 renuntiare
557 1850 703 1932 cogitas,
731 1851 866 1915 solvere
887 1868 1010 1933 poenas
1032 1851 1133 1915 modo
1158 1851 1276 1929 debes,

304 1963 307 1968 ·
329 1949 504 2032 quiajam
527 1950 767 2014 miserabiliter
792 1949 1022 2031 submergeris
1037 1949 1063 2028 ;'
1094 1956 1129 2013 et
1152 1956 1275 2014 tenens

330 2069 408 2111 eum
422 2049 579 2112 diabolus
598 2050 649 2112 ita
666 2049 874 2112 immobilem
894 2048 988 2134 fecit,
1006 2049 1098 2130 quod
1113 2068 1176 2124 nec
1196 2069 1278 2130 pro-

329 2147 450 2211 cedere
461 2167 524 2211 nec
539 2148 575 2210 in
589 2148 683 2211 latus
694 2147 833 2230 aliquod
847 2147 957 2211 valuit
971 2147 1155 2211 declinare.
1179 2148 1274 2211 Dum

330 2238 408 2310 haec¹
418 2254 601 2329 agerentur
614 2247 651 2310 in
666 2246 818 2323 flumine,
830 2246 884 2310 vir
902 2246 969 2310 Dei
980 2246 1159 2324 wlfricus,
1171 2248 1276 2310 rebus

331 2364 409 2428 quae
435 2346 565 2410 fiebant
583 2365 605 2409 a
626 2346 703 2409 Deo
730 2345 797 2409 sibi
818 2365 881 2428 per
904 2346 1063 2428 spiritum
1084 2347 1277 2428 prophetiae

331 2446 506 2523 revelatis,
529 2445 669 2511 vocavit
692 2445 932 2528 presbyterum
952 2463 1053 2508 suum
1076 2445 1121 2509 ad
1143 2465 1193 2521 sc,
1217 2466 1278 2510 no-

331 2544 423 2607 mine
434 2544 657 2620 Brithricum,
673 2552 708 2609 et
723 2544 785 2621 ait,
797 2542 1139 2626 ‘Accelera,’inquit,
1151 2550 1161 2580 ‘
1172 2552 1208 2609 et
1219 2565 1277 2610 as·

331 2650 471 2725 sumpta
488 2662 589 2707 cruce
603 2661 682 2707 cum
698 2662 792 2725 aqua
808 2643 990 2707 benedicta
1009 2662 1150 2707 occurre
1167 2644 1279 2708 homi-

332 2741 379 2818 ni,
395 2761 497 2822 quem
513 2741 671 2807 diabolus
685 2742 721 2806 in
736 2743 838 2819 vado,
853 2742 946 2824 quod
962 2750 1064 2806 extra
1078 2742 1195 2808 villam
1211 2752 1278 2822 est,

332 2841 508 2921 captivum
540 2847 647 2918 tenet,
673 2847 709 2905 et
730 2860 918 2924 aspergens
947 2861 1025 2907 eum
1053 2861 1146 2924 aqua
1173 2835 1279 2907 hene-

332 2939 426 3003 dicta
441 2939 592 3004 adduces
607 2941 651 3003 ad
666 2960 721 3005 me
733 2938 753 3019 ;’
777 2941 889 3005 atille
906 2960 984 3005 cum
1006 2960 1142 3005 summa
1156 2942 1278 3007 celcri-

333 3046 406 3102 tate
427 3039 472 3103 ad
495 3039 666 3121 imperata
690 3039 756 3104 iter
779 3040 946 3123 arripiens
967 3039 1111 3119 invenit,
1134 3042 1227 3106 sicut
1246 3043 1280 3107 ei

332 3138 461 3202 dictum
479 3137 604 3214 suerat,
617 3138 789 3203 hominem
803 3140 839 3203 in
852 3139 942 3204 vado
957 3158 1046 3221 equo
1061 3139 1280 3218 insidentem,

332 3237 383 3300 ita
405 3246 440 3300 et
463 3237 497 3300 in
524 3255 616 3318 aqua
635 3238 855 3302 immobiliter
878 3238 998 3315 fixum,
1021 3239 1114 3320 quod
1136 3239 1280 3305 deloco

332 3355 402 3399 non
419 3336 534 3418 potuit
553 3356 590 3400 se
605 3356 765 3416 movere3
793 3357 896 3419 quem
912 3345 952 3402 ut
966 3337 1056 3402 vidit
1072 3338 1281 3418 Brithricus,

333 3435 491 3517 protinus
513 3436 549 3498 in
567 3436 730 3500 virtutem
753 3437 911 3518 magistri
928 3437 982 3500 sui
1004 3455 1096 3518 aqua
1119 3438 1281 3502 benedic-

333 3543 371 3599 ta
391 3535 563 3598 hominem
585 3535 794 3616 perfundans
815 3536 850 3598 in
880 3536 1017 3601 nomine
1038 3535 1062 3600 J
1065 3556 1125 3601 esu
1150 3536 1282 3602 Christi

332 3633 485 3715 praedam
519 3634 674 3698 excussit
699 3643 734 3699 ot
760 3634 957 3717 praedonem
987 3634 1136 3717 fugavit,
1160 3637 1282 3719 sicque

333 3733 508 3815 captivum
534 3734 577 3797 de
598 3733 699 3816 aquis
722 3752 901 3799 assumens
924 3754 1002 3798 cum
1030 3735 1153 3799 laetitia
1176 3735 1281 3801 duxit

332 3832 502 3895 advirum
518 3832 596 3908 Dei,
612 3833 671 3914 qui
686 3833 823 3898 interim
843 3853 908 3916 pro
926 3832 1064 3899 miseria
1083 3834 1159 3917 ejus
1175 3854 1282 3900 orans

331 3950 454 3994 manus
480 3931 629 3996 hahebat
649 3932 693 3995 ad
720 3933 845 3996 Deum.
898 3932 1116 4014 Sequebatur
1137 3953 1160 3998 a
1181 3942 1282 4017 tergo

331 4028 465 4094 daemon
491 4031 665 4112 quondam
690 4031 860 4096 hominem
889 4051 1003 4109 suum,
1030 4052 1132 4114 quem
1158 4034 1282 4098 videns

331 4135 482 4192 stantem
505 4138 586 4196 ante
615 4131 726 4194 virum
753 4131 821 4194 Dei
848 4132 1076 4214 apprehendit
1104 4153 1180 4196 eum
1210 4135 1282 4198 cla·
