2820 4882
426 414 567 461 suenus
593 414 862 464 nrsromnauu.
1048 404 1113 468 311

159 571 243 652 jura
257 570 412 635 ecclesiae
436 571 502 635 sibi
521 573 751 638 subtrahere?
775 572 870 652 Quid
890 576 984 638 aliud
1007 596 1111 658 quarn
1125 596 1179 636 nn.
1191 598 1247 635 11⁶4.

165 670 362 750 spiritualia
375 672 624 754 temporalibus
639 673 865 737 submittere?
917 675 1029 738 Semel
1046 676 1111 739 boc

164 775 297 846 natum,
322 771 519 852 exemplum
544 778 637 834 esset
656 772 699 835 ad
728 772 849 836 multa.
900 774 967 836 Sed
992 774 1111 838 dicunt

165 868 330 949 episcopi,
347 868 538 932 Reddenda
554 877 636 933 sunt
654 870 798 947 Caesari,
817 890 897 952 quae
915 873 991 956 ejus
1005 880 1109 953 sunt3

165 967 225 1029 sed
250 967 337 1030 siin
361 968 519 1050 pluribus
543 970 850 1051 obtemperandum
879 978 933 1033 est
963 972 1048 1052 regi,
1073 973 1108 1035 in

164 1065 233 1128 illis
250 1074 367 1131 tamen
383 1067 690 1149 obtemperandum
705 1086 774 1131 non
790 1076 856 1144 est,
870 1071 993 1149 quibus
1007 1069 1109 1134 effici-

166 1170 223 1227 tur
240 1185 284 1228 ne
302 1166 349 1229 sit
364 1185 448 1245 re13
471 1186 540 1229 non
557 1167 648 1229 enim
664 1175 780 1230 essent
794 1167 856 1230 illa
872 1166 1033 1244 Caesaris,
1047 1170 1107 1232 sed

164 1265 315 1344 tyranni,
336 1265 373 1327 in
394 1266 533 1347 quibus,
552 1266 618 1328 etsi
642 1285 712 1328 non
733 1285 796 1347 pro
815 1285 882 1342 me,
901 1287 964 1348 pro
985 1268 1108 1348 seipsis

164 1363 317 1444 episcopi
343 1364 375 1426 ei
396 1365 556 1427 resistere
581 1364 756 1427 deberent.
808 1364 897 1442 Quae
919 1366 1009 1428 enim
1034 1366 1108 1429 baec

164 1479 270 1524 causa
297 1469 396 1526 tanta
419 1462 486 1526 fuit
506 1463 590 1539 odii,
618 1469 659 1525 ut
682 1483 744 1545 pro
774 1481 828 1525 me
855 1465 1108 1545 exstinguendo

164 1561 297 1641 seipsos
325 1560 613 1643 exstinguerent?
663 1561 789 1642 Itaque
812 1561 893 1625 dum
915 1563 1110 1645 spiritualia

164 1678 226 1739 pro
254 1660 501 1740 temporalibus
532 1660 726 1741 negligunt,
751 1660 914 1725 deficiunt
938 1662 975 1724 in
1004 1663 1108 1725 utris-

164 1777 241 1838 que.
286 1757 541 1822 ‘condescende
567 1778 664 1840 ergo,
692 1767 791 1840 pater
817 1761 1046 1837 sanctissime,
1072 1761 1109 1823 in

163 1855 282 1937 fugam
305 1864 467 1921 meamet
485 1858 771 1939 persecutionem,
789 1866 825 1922 et
846 1878 901 1921 me
920 1859 1109 1941 aliquando

165 1963 319 2037 tempore
341 1963 402 2019 tuo
420 1957 640 2019 reminiscere
659 1976 823 2038 magnum
839 1956 946 2019 fuisse
960 1964 995 2019 et
1008 1976 1108 2038 prop

164 2060 217 2116 ter
232 2061 268 2117 te
281 2054 417 2138 injuriis
434 2055 652 2133 lacessitum3
671 2063 769 2119 utere
785 2055 892 2135 igitur
906 2056 1020 2135 rigore
1034 2064 1108 2131 tuo,

56 2212 66 2230 ,
164 2172 283 2216 coerce
308 2153 400 2229 illos,
419 2172 564 2235 quorum
583 2155 751 2218 instinctu
769 2173 893 2217 nomen
911 2153 1015 2237 hujus
1032 2172 1110 2235 per-

163 2251 351 2315 secutionis
371 2252 546 2333 obrepsit;
566 2272 630 2315 nee
652 2253 790 2316 domino
808 2253 884 2332 regi
904 2253 1026 2316 horum
1045 2253 1109 2315 ali·

163 2350 246 2432 quid
271 2351 472 2432 imputetur,
489 2351 550 2432 qui
572 2351 677 2433 hujus
700 2351 964 2416 machinationis
990 2351 1108 2415 minis·

164 2457 216 2512 ter
230 2456 285 2512 est
298 2450 414 2532 potius
428 2450 725 2532 quam.repertor.’

166 2622 254 2700 Quod
264 2644 356 2708 popu
379 2625 556 2688 septemium
571 2623 610 2687 ab
629 2624 776 2708 episeopus
797 2625 832 2687 ia
849 2622 1109 2707 archiepiscopum

398 2722 525 2787 biam
511 2744 548 2786 aa
560 2723 690 2787 irritam
704 2723 866 2786 reuocauit.

162 2843 283 2907 His
301 2844 429 2908 auditis
447 2845 724 2926 allegationibus,
748 2846 906 2908 dominus
928 2862 1031 2925 papa,
1046 2842 1107 2905 ha·
1121 2859 1168 2949 Ιιι
1155 2859 1246 2910 prr

162 2944 234 3007 bita
242 2961 321 3006 cum
335 2943 568 3007 cardinalibus
581 2943 841 3019 deliberatione,
852 2942 1009 3017 Thomas,
1018 2920 1159 3004 Can-'¹¹
1171 3025 1175 3031 Ι

162 3042 329 3106 tuariensi
356 3042 624 3123 archiepiscopo,
654 3042 723 3105 tale
753 3041 863 3104 fertur
887 3040 1023 3103 dedisse
1052 3060 1106 3102 re·

161 3159 349 3223 sponsum;
374 3140 499 3219 ‘Quod
528 3141 640 3203 minor
661 3139 827 3223 majorem
852 3139 1011 3222 judicare
1036 3157 1106 3201 non

160 3239 284 3321 possit,
308 3247 344 3302 et
373 3239 565 3320 praesertim
588 3259 678 3315 eum,
709 3239 765 3302 cui
788 3239 867 3321 jure
894 3236 1106 3319 praelationis

161 3338 304 3401 subesse
325 3338 541 3419 dignoscitur
562 3345 597 3401 et
623 3337 826 3401 obedientiae
849 3335 988 3401 vinculo
1010 3341 1106 3397 tene·

161 3446 221 3501 tur
239 3437 439 3514 adstrictus,
460 3443 531 3500 tam
553 3436 680 3500 divinae
702 3455 807 3518 quam
828 3436 989 3498 humanae
1012 3432 1107 3513 leges

162 3536 414 3611 demonstrant,
442 3542 478 3599 et
510 3543 709 3599 sanctorum
740 3541 878 3616 patrum
904 3526 1046 3596 statutis
1071 3531 1107 3593 id

135 3651 138 3655 ’
161 3635 376 3698 manifestius
395 3634 613 3712 declaratur3
637 3634 726 3697 banc
745 3632 913 3714 siquidem
931 3650 1006 3705 noe,
1023 3648 1108 3712 quo-

161 3754 238 3797 rum
275 3734 421 3798 interest
455 3742 570 3797 errata
606 3734 790 3814 corrigere,
823 3731 1030 3794 sententiam
1062 3728 1107 3791 ab

159 3833 332 3915 episcopis
359 3842 395 3897 et
422 3832 607 3896 baronibus
637 3837 911 3912 praesumptuose
934 3829 971 3891 in
996 3835 1031 3891 te
1056 3827 1108 3889 la-

162 3938 246 4006 tam,
268 3932 305 3993 in
331 3951 401 4013 qua
422 3930 486 3994 tibi
507 3930 582 4013 jam
610 3929 694 3992 dicti
719 3929 872 4010 episcopi
896 3946 937 3990 ac
960 3928 1108 3989 barones

160 4030 278 4092 omnia
305 4029 447 4093 mobilia
475 4037 550 4105 tua,
586 4036 656 4091 tam
687 4038 808 4091 contra
838 4026 928 4108 juris
955 4025 1108 4088 ordinem

161 4147 265 4210 quam
295 4135 417 4192 contra
437 4127 706 4192 ecclesiasticam
729 4124 1024 4200 consuetudinem,
1047 4124 1108 4186 ab·
