2820 4882
364 416 503 464 anonas
527 417 797 466 nrsronnlnou.
989 405 1056 469 219

105 580 261 655 argento,
278 593 383 656 quam
405 575 441 637 in
467 576 611 656 gemmis
637 583 673 640 et
698 577 853 640 vestibus
880 578 1053 660 pretiosis.
1068 598 1191 661 nonas.

106 673 240 738 Deinde
267 675 303 737 in
330 673 419 740 festo
442 675 635 738 Dominicae
658 678 872 740 ascensionis
894 679 1054 761 divulga·
1068 698 1184 748 neman

108 780 179 836 tum
211 774 278 839 fuit
317 794 379 857 per
409 772 588 854 Angliam,
617 795 734 858 regem
766 796 843 841 esse
870 786 1055 856 mortuum,
1068 747 1180 839 iiidif'

106 874 198 937 unde
228 875 382 938 maxima
414 875 629 956 perturbatio
664 877 817 941 surrexit
854 877 891 940 in
928 897 1056 959 regn03

109 992 188 1036 nam
228 972 337 1056 Hugo
372 974 485 1055 Bigod
522 975 702 1039 castellum
736 975 890 1040 Norwici
926 977 1059 1059 ingres-

108 1091 168 1136 sus
190 1073 303 1139 noluit
329 1072 471 1138 reddere
505 1074 592 1137 illud
624 1075 691 1138 nisi
723 1076 809 1157 regi,
842 1084 877 1141 et
910 1075 975 1141 hoo
1004 1077 1058 1140 in·

109 1172 215 1236 vitus.
254 1172 370 1255 Coepit
391 1193 475 1256 ergo
494 1174 656 1257 deinceps
675 1174 956 1240 Normannorum
978 1197 1058 1260 pro-

109 1272 195 1336 ditio
227 1273 411 1355 pullulare,
445 1275 506 1337 sed
538 1293 602 1338 rex
633 1274 683 1338 eis
716 1275 861 1339 viriliter
895 1277 1059 1341 resistens

111 1372 203 1453 cepit
233 1374 345 1454 primo
373 1374 554 1437 castellum
588 1374 631 1437 da
660 1375 852 1438 Batintona
880 1376 1060 1459 eujusdam

111 1471 259 1537 Roberti
276 1472 461 1555 proditoris
485 1473 560 1553 sui;
591 1473 741 1556 indeque
758 1468 949 1539 ¹Exoniam
970 1476 1062 1540 obsi-

110 1572 209 1648 dens,
224 1592 328 1655 quam
347 1574 486 1638 tenebat
500 1567 736 1637 ²Baldowinus
752 1573 795 1637 de
807 1574 964 1639 Redvers
980 1595 1062 1639 con·

112 1679 167 1735 tra
196 1692 288 1751 eum,
321 1673 381 1736 sed
411 1693 489 1737 sero
518 1680 635 1736 tamen
667 1681 702 1738 et
734 1692 812 1736 cum
843 1674 1060 1753 difficultate,

114 1771 285 1836 redditum
315 1780 369 1837 est
397 1773 429 1836 ei
458 1773 640 1836 castellum
666 1792 745 1836 cum
771 1774 925 1838 civitate.
978 1775 1060 1839 Rex

112 1879 241 1950 autem,
257 1892 366 1955 pravo
386 1891 469 1935 usus
486 1872 643 1948 consilio,
663 1892 733 1936 non
754 1874 911 1938 exercuit
930 1875 1062 1939 vindic·

117 1973 243 2036 tamin
270 1972 464 2054 proditores
487 1991 583 2048 suoS,
603 1970 695 2035 unde
715 1980 837 2055 postea
862 1975 1063 2037 restiterunt

115 2072 146 2135 ei
163 2079 198 2136 et
220 2072 370 2154 plurima
390 2077 513 2136 contra
534 2090 613 2135 eum
633 2078 750 2136 eastra
769 2073 927 2154 nequiter
947 2073 1061 2135 firma·

117 2179 239 2236 verunt
254 2193 264 2251 ;
290 2172 445 2254 perrexit
461 2179 578 2236 autem
591 2171 670 2236 inde
686 2172 730 2236 ad
740 2171 900 2236 Wectam
914 2172 1062 2237 insulam
1131 2236 1133 2242 ,

115 2279 150 2336 et
164 2272 310 2336 abstulit
318 2291 394 2335 eam
405 2271 605 2336 Baldewino
615 2271 658 2335 de
670 2271 828 2335 Redvers
838 2271 1016 2355 praedicto,
1028 2280 1064 2337 et

115 2370 228 2455 ipsum
246 2373 290 2435 ab
305 2371 436 2453 Anglia
451 2371 637 2436 exsulavit.
677 2371 757 2435 Rex
772 2372 891 2454 igitur,
909 2370 962 2435 his
983 2392 1063 2454 pro·

117 2491 216 2554 spere
245 2471 366 2553 gestis,
397 2471 492 2536 venit
518 2479 682 2534 venatum
713 2471 805 2553 apud
838 2471 1066 2550 Brantonam,

118 2591 185 2634 non
215 2571 319 2653 longe
351 2572 394 2634 ab
426 2569 679 2647 Hnntendona,
711 2577 747 2634 et
777 2571 825 2635 ibi
856 2571 899 2634 de
928 2572 1066 2637 forestis

116 2690 294 2752 procerum
320 2690 458 2734 suorum
484 2677 519 2733 et
545 2670 786 2734 venationibus
809 2671 1003 2752 placitavit,
1032 2679 1067 2736 et

117 2779 248 2847 votnm,
263 2770 355 2852 qnod
374 2769 451 2833 Deo
468 2776 503 2832 et
517 2770 648 2852 populo
663 2769 804 2847 fecerat,
820 2771 976 2836 violavit.

170 2943 261 3018 Quod
277 2943 467 3031 Gaufridos,
483 2965 576 3008 eomas
589 2944 830 3029 Aodapaooosis,
844 2944 1017 3029 municipia

394 3045 436 3108 N
431 3043 601 3108 ormonaiae
615 3042 800 3129 sabjupooit.

170 3170 301 3234 Eodem
333 3177 488 3252 tempore
520 3168 724 3246 Gaufridus‚
759 3188 872 3231 comes
903 3166 1068 3252 Andega·
1081 3195 1170 3237 sareu

120 3271 247 3348 vensis,
279 3277 314 3334 et
343 3289 434 3334 uxor
467 3270 543 3354 ejus
574 3268 733 3332 Matildis
758 3268 834 3332 sine
868 3267 1069 3335 difficultate
1081 3244 1211 3344 ilignis.

119 3370 237 3453 aliqua
275 3370 421 3435 castella
460 3369 686 3433 Normanniae
721 3368 955 3445 obtinuerunt,
991 3389 1069 3433 cum

120 3470 340 3535 firmitatibus
356 3471 491 3533 cunctis
506 3464 691 3533 ³Willelmi
713 3467 877 3545 Talevaz,
898 3488 984 3550 quas
1007 3489 1070 3532 rex

122 3569 290 3634 habuerat
304 3570 341 3633 in
362 3588 467 3633 manu
482 3588 558 3646 sua,
576 3569 737 3632 exsulato
754 3568 942 3632 Willelmo.
971 3569 1070 3646 Inde,

121 3689 238 3733 mense
267 3668 443 3752 Augusto,
475 3689 551 3732 cum
586 3669 679 3750 apud
712 3667 970 3751 Rothomagum
992 3688 1071 3750 per-

121 3771 309 3846 venissent,
337 3770 472 3853 peperit
501 3768 660 3832 Matildis
684 3768 732 3831 ibi
758 3769 875 3832 comiti
902 3767 1072 3832 Gaufrido

158 3932 319 3998 'Exooinmd
336 3935 585 3984 SotheSax.Chron.
611 3935 664 3982 win
676 3935 714 3984 ‘de
734 3935 834 3997 Rivers,
852 3936 905 3985 earl
924 3935 954 3984 of
969 3935 1072 3986 Devon-

122 4006 172 4056 and
197 4006 380 4069 Huntlngdon3
409 4006 484 4054 Paris
511 4005 586 4054 reads
611 4005 687 4053 shire.

122 4075 258 4126 ‘Oxford'
645 4073 784 4123 ⁸Wiuelmi
804 4070 929 4142 Takona]
953 4073 1073 4124 ‘Guliel-

612 4160 668 4193 mus
678 4145 840 4205 waleranus,
852 4159 936 4194 comes
944 4145 1047 4194 Pontivi
1059 4140 1073 4205 ;’

158 4213 361 4283 ²Buldewr'aasde
367 4208 497 4282 Redvers]
508 4214 586 4264 Bald·
613 4214 735 4264 oravit.
748 4229 773 4274 p.
785 4218 841 4263 903.
