2820 4882
146 756 200 794 Ab.
212 754 268 793 1⁰72.

145 805 236 854 Legend.

305 367 347 428 10
561 383 691 428 aoeuui
717 382 763 426 nu
786 381 993 429 wuuoovun

332 617 381 678 De
394 613 508 679 duodus
521 615 641 678 clericis
656 614 871 698 confederatis
886 614 1030 678 narratio
1044 613 1234 698 importum.
1250 654 1253 659 -

358 739 459 803 Circa
497 740 632 803 eosdem
662 758 800 821 quoque
823 738 896 800 dies
921 731 972 801 ¹in
1005 739 1148 802 civitate
1178 739 1256 802 Bri·

307 841 437 903 tanniae
464 839 636 903 Nannetis
662 838 800 902 nomine
827 837 895 901 duo
926 838 1042 902 clerici
1072 839 1256 918 degebant,

307 941 366 1021 qui
381 941 425 1003 ab
442 941 526 1022 ipsis
551 939 707 1021 pueritiae
724 938 925 1002 rudimentis
944 937 1029 1002 adeo
1054 945 1154 1001 erant
1171 939 1256 1001 ami·

307 1041 397 1103 citiae
424 1040 611 1103 foederibus
634 1038 825 1113 constricti,
854 1045 905 1114 ut,
931 1037 961 1101 si
985 1038 1175 1101 necessitas
1204 1038 1255 1100 in-

307 1147 458 1221 grueret,
474 1140 578 1203 etiam
594 1138 714 1202 mortis
732 1137 923 1220 periculum
938 1157 1001 1219 pro
1016 1137 1166 1200 invicem
1181 1156 1256 1200 sus·

307 1241 466 1303 tinerent.
521 1239 623 1302 Unde
637 1239 692 1301 die
708 1237 857 1319 quadam
880 1237 915 1300 in
937 1237 1002 1299 hoc
1021 1237 1153 1318 pariter
1176 1255 1256 1299 con-¹

308 1346 501 1416 senserunt,
525 1347 563 1402 ut
578 1338 735 1420 quisquis
758 1336 894 1399 illorum
916 1337 1012 1418 prius
1038 1337 1150 1400 obiret
1163 1337 1256 1412 vim,

308 1439 491 1502 dormienti
503 1439 559 1502 vel
574 1437 745 1519 vigilanti,
759 1437 849 1498 infra
865 1437 938 1499 dies
954 1437 1098 1517 triginta
1113 1455 1259 1519 appare-

309 1546 372 1614 ret,
391 1539 520 1601 socium
547 1537 810 1613 certificaturus,
835 1537 947 1619 qualis
963 1536 1009 1599 sit
1023 1536 1130 1599 futuri
1150 1536 1258 1600 seculi

309 1644 434 1714 statuS,
463 1658 541 1720 quae
577 1639 769 1700 animarum
798 1636 841 1699 de
872 1656 1015 1718 corpore
1041 1655 1257 1717 egressurum

309 1738 398 1801 foret
413 1737 575 1813 conditio,
594 1745 634 1800 ut
648 1737 727 1799 inde
747 1734 955 1800 sufficienter
977 1737 1167 1799 instructus
1196 1755 1258 1817 ag-

310 1843 480 1914 nosceret,
495 1856 573 1919 quae
599 1857 643 1901 ex
661 1836 805 1899 diversis
831 1836 874 1899 de
896 1838 1011 1898 anima
1035 1835 1259 1917 philosopho·

310 1956 385 1999 rum
402 1936 620 2018 opinionibus
647 1943 738 1999 esset
760 1936 937 1999 imitanda.
990 1935 1148 1998 Tradunt
1167 1937 1258 2000 enim

311 2035 496 2112 Platonici,
520 2037 612 2118 quod
635 2055 727 2099 mors
750 2036 903 2116 corporis
928 2036 1077 2098 animam
1105 2055 1175 2100 non
1199 2056 1260 2099 ex·

311 2138 480 2217 stinguat,
506 2138 566 2199 sed
595 2156 670 2199 eam
703 2135 746 2198 ad
775 2135 888 2198 Deum
913 2136 1118 2217 principium
1146 2154 1260 2212 suum,

311 2244 478 2319 tanquam
502 2256 521 2299 e
541 2256 689 2311 carcere,
714 2236 889 2313 remittat3
914 2243 1075 2299 astruunt
1097 2255 1116 2298 e
1140 2245 1261 2299 contra

313 2335 498 2416 Epicuraei,
514 2337 660 2398 animam
687 2334 729 2397 de
752 2355 895 2416 corpore
916 2335 1066 2398 solutam
1088 2335 1124 2397 in
1147 2355 1259 2399 aerem

312 2453 517 2498 evanescere
540 2441 575 2498 et
597 2435 633 2496 in
654 2453 758 2496 auras
776 2434 913 2498 effluere
926 2441 961 2497 et
974 2434 1137 2513 dissolvi3
1164 2435 1263 2499 theo-

313 2533 385 2614 logi
402 2554 538 2617 quoque
564 2535 607 2597 de
631 2535 747 2596 anima
770 2535 871 2597 aliter
887 2534 1073 2597 sentientes
1101 2544 1262 2598 asserunt

313 2641 384 2697 tres
406 2654 481 2698 esse
502 2636 694 2698 animarum
716 2642 796 2716 post
818 2641 962 2697 mortem
988 2635 1141 2715 eorporis
1163 2655 1261 2698 man-

314 2736 440 2810 sioneS,
455 2755 558 2798 unam
574 2736 609 2797 in
626 2734 724 2810 eaelo,
744 2735 889 2810 alteram
907 2734 942 2795 in
961 2735 1175 2815 purgatorio,
1194 2742 1263 2799 ter·

315 2835 399 2897 tiam
414 2836 450 2897 in
468 2835 621 2914 infern03
646 2833 704 2898 sed
722 2834 811 2897 sicut
829 2834 952 2896 animae
970 2853 1047 2915 quae
1071 2834 1107 2896 in
1130 2834 1264 2897 inferno

315 2941 398 2996 sunt
414 2954 482 2997 non
506 2935 745 3009 salvabuntur,
760 2934 810 2996 ita
825 2933 894 2996 illae
908 2953 986 3014 quae
1007 2934 1042 2995 in
1060 2936 1264 3015 purgatorio

317 3034 473 3096 existunt
504 3033 772 3097 misericordiam
801 3040 1065 3115 consequentur.
1137 3033 1265 3116 Itaque

316 3133 399 3196 data
414 3133 480 3196 fide
497 3133 587 3197 inter
603 3134 716 3198 socios
741 3140 776 3197 et
792 3140 936 3215 accepta
960 3153 1037 3195 oum
1049 3133 1263 3216 juramento,

317 3254 384 3297 non
404 3234 548 3296 multum
573 3242 709 3316 tempus
736 3234 917 3315 praeteriit,
934 3239 969 3295 et
986 3252 1064 3296 ecce
1093 3252 1184 3295 unus
1208 3254 1265 3298 eo-

316 3354 391 3396 rum
414 3333 527 3397 subito
556 3336 686 3415 absque
708 3333 923 3398 consessione
947 3339 983 3396 et
999 3333 1125 3396 viatico
1148 3335 1266 3416 exspi-

316 3435 428 3512 ravit3
452 3435 618 3497 remansit
641 3434 728 3497 alter
752 3435 786 3495 in
811 3433 939 3509 seculo,
960 3439 996 3496 et
1017 3432 1060 3495 de
1088 3433 1155 3496 fide
1181 3433 1267 3497 data

316 3534 435 3597 sedulo
465 3534 634 3613 cogitans,
673 3534 856 3595 terminum
886 3533 1067 3616 praefixum
1098 3554 1161 3615 per
1191 3534 1266 3596 dies

316 3634 460 3714 triginta
492 3632 642 3696 inaniter
670 3633 909 3714 exspectabat,
949 3634 1073 3714 quibus
1103 3634 1266 3711 evolutiS,

300 3733 396 3796 -dum
412 3733 614 3815 desperatus
635 3732 712 3794 aliis
739 3733 891 3794 animum
915 3733 1065 3813 negotiis
1091 3734 1266 3815 applicas-

316 3840 380 3908 set,
399 3853 477 3896 ecce
495 3841 652 3896 mortuus
675 3831 786 3895 sodali
810 3851 980 3914 apparens
997 3833 1128 3895 viventi
1153 3840 1189 3896 et
1211 3835 1265 3915 ip·

315 4168 331 4215 b
352 4096 358 4126 ¹
375 4098 413 4232 [ηξ
421 4098 520 4216 agitate
532 4098 693 4161 Britannice]
710 4098 764 4148 The
782 4098 873 4160 legend
891 4099 1021 4161 following
1039 4100 1062 4149 is
1079 4101 1141 4149 from
1161 4101 1269 4151 Melino·

333 4184 389 4230 ury,
425 4173 440 4216 2
475 4204 481 4217 .
