2820 4882
349 414 416 479 218
607 430 741 477 uocum
765 429 812 475 nn
836 427 1043 476 wnrvnovmr

189 607 312 647 sunu·
352 595 407 653 rat
435 588 641 664 execrabile,
670 587 762 670 quod
788 587 818 649 si
841 586 971 651 visores
994 583 1142 667 alicujus
1164 582 1303 656 silvam,

353 709 454 772 quem
480 708 556 752 esse
583 688 808 771 pecuniosum
839 687 1005 762 sciebant,
1036 702 1057 747 a
1086 684 1190 764 longe
1219 701 1302 745 con·

353 790 537 873 spicerent,
555 787 674 851 statim
690 793 828 852 vastum
850 786 887 848 in
909 805 951 850 ea
973 785 1207 868 perhiberent,
1228 781 1303 882 sive

353 895 445 952 esset
475 888 549 952 sive
584 907 664 960 non,
693 894 733 949 ut
762 905 841 948 eum
873 886 948 949 sine
979 885 1103 948 merito
1136 883 1303 947 redimere

352 987 569 1070 potuissent3
599 986 718 1050 Tertio
736 985 844 1062 vovit,
866 984 958 1066 quod
976 982 1171 1065 Danegeld,
1194 982 1229 1045 id
1250 987 1304 1075 est

354 1088 396 1151 de
416 1087 570 1171 qualibet
592 1086 674 1151 hida
695 1091 797 1148 terrae
819 1084 906 1148 duos
928 1084 1068 1160 solidos,
1090 1102 1178 1164 quos
1205 1088 1303 1145 ante-

354 1206 507 1251 cessores
524 1187 600 1270 ejus
616 1186 771 1267 accipere
786 1190 1050 1261 consueverant,
1073 1184 1110 1245 in
1134 1188 1303 1246 aeternum

355 1288 455 1350 annis
481 1286 628 1368 singulis
654 1285 876 1349 condonaret.
930 1283 1021 1346 Haec
1047 1288 1163 1347 nutem
1191 1280 1304 1363 speci-

355 1387 468 1462 aliter,
497 1397 532 1450 et
555 1386 625 1449 alia
652 1384 762 1448 multa
788 1384 1006 1465 generaliter,
1027 1402 1064 1446 se
1083 1387 1303 1445 servaturum

350 1485 505 1569 juravit;
529 1485 589 1549 sed
614 1485 699 1548 nihil
720 1485 853 1562 horum,
879 1502 957 1566 quac
984 1483 1062 1547 Deo
1085 1481 1306 1565 promiserat,

354 1585 562 1649 observavit.

357 1722 360 1727 Ι
377 1755 427 1818 Dc
442 1753 605 1819 concordie
611 1754 708 1838 suctu
722 1755 803 1821 ieter
817 1777 915 1842 repam
933 1753 1126 1840 Stephanum
1138 1763 1167 1818 ct
1181 1775 1280 1840 repam

740 1856 909 1920 Scotorum.

190 1999 341 2039 erraneum
405 1970 490 2040 Per¹
512 1978 605 2042 idem
623 1985 759 2061 tempus
783 1979 912 2056 David,
936 1998 1000 2043 rex
1024 1979 1219 2057 Scotorum,
1244 1981 1306 2062 qui

191 2051 296 2091 mm
354 2077 563 2160 imperatrici
585 2078 786 2142 fidelitatem
812 2079 954 2154 fecerat,
978 2080 1015 2141 in
1031 2078 1198 2160 Angliam
1223 2080 1306 2143 hos-

355 2178 463 2241 tiliter
495 2179 649 2255 venienS,
674 2177 871 2243 Carleolum
898 2186 934 2242 et
961 2178 1304 2244 Novum-castellum

354 2296 458 2358 super
473 2277 609 2360 Tynam
625 2279 717 2361 cepit
734 2287 769 2342 et
789 2297 871 2342 suos
890 2279 1067 2360 imposuit.
1124 2279 1306 2344 Promovit

353 2377 461 2457 igitur
476 2396 538 2440 rex
561 2377 758 2460 Stephanus
780 2385 903 2443 contra
926 2398 1004 2442 eum
1029 2380 1220 2443 exercitum
1246 2400 1304 2444 co-

354 2477 502 2558 piosum,
525 2483 560 2540 et
584 2479 658 2558 rogi
685 2477 867 2542 Scotorum
894 2478 987 2560 apud
1008 2478 1219 2543 Dunelmum
1245 2499 1303 2544 oc·

355 2595 496 2640 currens
518 2569 765 2641 ²concordatus
791 2585 845 2641 est
866 2599 943 2642 cum
971 2599 1024 2656 eo,
1051 2578 1134 2661 quia
1156 2579 1306 2643 reddidit

355 2677 387 2740 ei
417 2696 479 2740 rex
508 2677 625 2740 David
660 2677 1012 2755 Novum-castellum,
1044 2688 1080 2743 et
1107 2678 1304 2744 Carleolum

354 2776 497 2840 retinuit
527 2777 619 2857 regis
648 2777 815 2859 Stephani
839 2779 1031 2842 voluntate.
1081 2779 1161 2842 Rex
1188 2788 1304 2843 tamen

356 2875 537 2938 Scotorum
568 2876 766 2958 homagium
800 2879 874 2960 regi
906 2878 1083 2960 Stephano
1114 2899 1184 2943 non
1210 2879 1304 2957 fecit,

355 2975 439 3056 quia
468 2975 668 3041 fidelitatem
698 2977 828 3042 fecerat
857 2978 938 3054 filiae
969 2979 1061 3060 regis
1089 2978 1235 3043 Henrici
1268 2989 1304 3044 et

356 3075 450 3157 nepti
473 3095 572 3156 suae;
596 3076 687 3140 filius
708 3086 824 3141 autem
846 3077 938 3160 regis
953 3078 1070 3142 David
1090 3079 1192 3142 homo
1211 3080 1304 3162 regis

356 3175 523 3257 Stephani
545 3177 687 3241 effectus
715 3185 780 3254 est,
801 3185 836 3241 et
862 3177 957 3243 dedit
983 3179 1015 3242 ei
1039 3196 1102 3242 rex
1121 3179 1202 3262 jure
1228 3199 1306 3262 per-

356 3283 461 3356 petuo
480 3275 754 3340 Huntendonam
774 3277 817 3340 de
839 3296 877 3341 se
899 3279 1095 3342 tenendam.
1147 3278 1303 3343 Rediens

355 3394 438 3438 vero
466 3395 529 3438 rex
553 3377 597 3439 ad
624 3377 765 3459 propria
788 3377 900 3440 tenuit
921 3378 1053 3442 curiam
1081 3398 1180 3442 suam
1211 3380 1305 3463 apud

357 3473 553 3538 Londonias
569 3477 604 3539 in
622 3476 841 3541 solemnitate
855 3477 1031 3554 Paschali,
1046 3497 1115 3560 qua
1128 3498 1304 3561 nunquam

354 3573 389 3635 in
420 3572 551 3656 Anglia
580 3574 694 3640 fuerat
726 3577 949 3658 splendidior,
982 3585 1054 3642 tam
1084 3579 1120 3641 in
1151 3598 1237 3643 auro
1268 3585 1304 3643 et

390 3788 458 3840 ¹Per
469 3791 532 3840 idem
543 3792 656 3855 ternpus]
674 3793 817 3842 Wendover
843 3799 998 3844 mencement
1008 3795 1037 3843 of
1051 3794 1101 3843 this
1118 3795 1232 3857 chapter,
1243 3795 1306 3845 with

354 3860 452 3910 follows
480 3862 522 3910 the
550 3862 611 3910 Sax.
643 3861 737 3912 Chron.
765 3864 816 3912 and
842 3866 951 3914 anotice
960 3865 988 3913 of
996 3865 1038 3913 the
1046 3865 1143 3914 funeral
1151 3866 1181 3914 of
1186 3867 1307 3928 Heuryl.

355 3930 523 3994 Huntingdon
550 3931 576 3978 in
609 3931 711 3994 placing
745 3933 815 3982 these
843 3949 872 3983 as
884 3936 958 3996 given
969 3936 1001 3996 by
1016 3936 1099 3985 Paris.

353 4007 439 4049 events
461 4003 487 4049 in
509 4002 551 4050 the
569 4002 623 4049 first
640 4017 702 4062 year
718 4003 748 4051 of
762 4004 816 4052 Ste-

354 4070 442 4131 phen’s
460 4072 540 4134 reign,
559 4072 646 4121 unless
664 4087 701 4120 we
719 4073 816 4125 believe
877 4070 1130 4140 ²Ccncerdutusest.]
1155 4077 1197 4124 On
1209 4076 1252 4126 the
1263 4077 1306 4126 dth

354 4140 409 4189 that
423 4141 464 4189 the
483 4143 564 4190 scribe
582 4142 629 4190 has
647 4143 815 4205 accidentally
842 4143 871 4192 of
885 4145 1030 4206 February;
1054 4146 1097 4195 Jo.
1116 4147 1256 4209 Hagustal.
1273 4148 1307 4196 ad

354 4210 457 4259 omitted
484 4212 526 4260 the
554 4226 615 4271 year
637 4218 663 4260 at
685 4213 726 4261 the
748 4229 816 4263 com·
842 4229 884 4264 en.
896 4218 969 4264 1136.
