2820 4882
329 405 394 468 240
586 420 721 467 nonani
746 419 792 464 nr
816 418 1024 466 wnunovun

166 596 289 636 nonna
330 576 506 641 Galatiam
541 583 576 639 et
601 575 878 658 Paphlagoniam
910 581 944 637 et
976 581 1160 655 utrumque
1189 573 1282 637 Pon-

165 1414 259 1454 Manuel.

328 683 414 752 tum,
447 695 469 739 a
506 674 639 739 dextris
671 682 787 738 autem
821 672 1023 754 Phrygiam,
1057 673 1204 755 Lydiam
1245 679 1282 736 et

328 773 450 838 Asiam
482 776 659 852 minorem,
696 793 758 856 per
792 772 941 835 mediam
973 771 1175 854 Bithyniam
1212 763 1280 834 iter

328 893 447 955 agens,
474 874 699 954 Nicaeamque
731 892 753 937 a
781 871 914 935 dextris
940 871 1114 949 deserens,
1145 872 1280 954 Lycao-

328 974 420 1037 niam
437 973 606 1056 pervenit.

413 1127 463 1200 Do
470 1136 649 1220 proditione
661 1136 839 1201 dictanda
853 1134 1187 1220 Constantinopolitani

699 1237 906 1321 imperatoris.

164 1364 280 1416 Trewhen
293 1367 317 1405 of
378 1353 564 1424 Soldanus¹
588 1366 702 1422 autem
723 1359 932 1440 Yconensis,
956 1360 1076 1424 audito
1098 1367 1277 1424 tantorum

325 1460 520 1542 principum
545 1458 710 1536 adventu,
737 1478 758 1522 a
790 1460 899 1524 multo
930 1467 1023 1524 retro
1049 1466 1205 1543 tempore
1230 1480 1276 1523 ex

325 1559 457 1623 ultimis
487 1558 629 1622 orientis
661 1558 786 1620 finibus
823 1559 987 1622 militaria
1021 1567 1276 1624 convocaverat

326 1658 470 1734 auxilia,
500 1665 547 1734 et,
568 1657 739 1738 quomodo
764 1659 807 1720 ab
836 1657 1093 1722 imminentibus
1121 1659 1274 1722 hostium

324 1757 486 1838 periculis
502 1776 539 1820 se
556 1757 667 1838 possit
689 1757 852 1834 eximere,
875 1776 993 1821 curam
1015 1759 1275 1840 propensiorem

325 1856 426 1937 gerit.
478 1854 707 1936 congregatis
722 1856 830 1937 igitur
846 1858 1012 1920 militibus
1031 1857 1117 1935 suis,
1139 1858 1176 1920 in
1198 1857 1276 1920 fini·

324 1957 389 2019 bus
403 1955 589 2039 Lycaoniae
613 1957 853 2038 exspectabat,
880 1963 919 2019 ut
945 1956 1022 2020 loco
1053 1963 1088 2020 et
1118 1964 1274 2039 tempore

324 2055 481 2119 hostibus
508 2055 768 2119 transeuntibus
798 2055 1092 2139 impedimentum,
1121 2076 1164 2118 ne
1193 2076 1274 2138 pro·

324 2155 495 2231 cederent,
522 2160 733 2236 procuraret.
785 2153 991 2219 Tradiderat
1018 2174 1155 2238 quoque
1178 2154 1273 2219 Con·

324 2254 654 2336 stantinopolitanus
684 2253 872 2335 imperator
909 2255 1110 2337 imperatori
1141 2255 1272 2320 Roma-

324 2373 446 2417 norum
475 2354 542 2417 viae
573 2353 690 2430 duces,
721 2360 862 2436 propter
884 2354 1037 2418 locorum
1067 2355 1213 2418 abusum
1237 2362 1273 2418 et

322 2452 454 2516 itineris
469 2451 719 2529 difficultatem,
730 2453 790 2534 qui
807 2454 919 2536 ipsum
933 2453 1186 2535 praecederent;
1209 2453 1270 2517 sed

322 2551 373 2615 illi
387 2560 553 2615 consueta
569 2550 771 2615 Graecorum
787 2553 841 2615 usi
864 2554 1009 2630 malitia,
1028 2539 1269 2630 demandato,

322 2657 361 2716 ut
384 2651 514 2716 dictum
537 2657 602 2728 est,
624 2652 854 2733 imperatoris,
876 2653 936 2734 qui
963 2671 1098 2734 semper
1124 2652 1269 2717 Latino·

321 2770 397 2813 rum
413 2751 629 2814 successibus
645 2750 834 2829 invidebat,
848 2758 1027 2834 coeperunt
1039 2771 1083 2814 ex
1097 2751 1270 2817 industria

322 2849 457 2913 trahere
478 2850 632 2931 legiones
654 2869 716 2932 per
737 2849 839 2914 devia
859 2851 896 2914 in
918 2852 1042 2934 quibus
1063 2851 1161 2914 locus
1177 2860 1270 2916 esset

319 2948 476 3013 hostibus
507 2950 658 3031 regionis
691 2951 832 3030 ignaros
856 2958 891 3014 et
919 2951 1093 3033 simplices
1116 2952 1267 3033 populos

319 3048 546 3131 opprimendi.
600 3046 650 3112 At
673 3048 844 3113 Soldanus
859 3050 981 3123 videns
993 3048 1212 3127 Christianos
1228 3050 1265 3114 in

320 3155 469 3229 angusta
498 3147 694 3212 solitudinis
717 3149 795 3212 loca
817 3149 991 3212 demersos
1013 3148 1113 3212 irruit
1136 3149 1173 3213 in
1196 3171 1268 3229 eoS,

319 3249 450 3312 scilicet
481 3267 551 3311 non
577 3248 849 3330 praemeditatos,
879 3250 939 3331 qui
961 3257 1032 3312 tam
1059 3249 1134 3330 ipse
1160 3269 1267 3332 quam

318 3348 373 3410 sui
404 3348 518 3411 acrius
549 3347 720 3411 instantes
744 3347 780 3413 in
807 3347 904 3431 equis
923 3348 1112 3424 velocibus,
1139 3348 1266 3430 quibus

317 3447 446 3527 pabula
463 3466 533 3509 nou
555 3446 748 3523 defuerant,
772 3447 951 3512 Romanos
972 3446 1086 3511 lentos
1106 3453 1142 3510 et
1159 3450 1266 3512 armis

317 3550 473 3623 onustoS,
504 3565 612 3627 equos
646 3545 813 3610 hahentes
845 3547 1012 3627 fatigatos
1047 3553 1082 3609 et
1118 3547 1267 3612 afflictos

317 3644 420 3722 t'ame,
447 3664 510 3707 nec
530 3645 688 3708 hostibus
712 3647 885 3722 resistere,
917 3665 980 3709 nec
1006 3665 1084 3709 cum
1112 3647 1162 3709 eis
1186 3667 1270 3712 con·

316 3744 425 3826 gredi,
443 3744 611 3821 valentes,
627 3745 786 3808 vicerunt
803 3752 838 3809 et
858 3753 1009 3827 stragem
1031 3765 1077 3808 ex
1095 3745 1146 3808 eis
1164 3748 1268 3811 mise-

316 3843 459 3907 rabilem
475 3842 707 3908 confecerunt.
763 3845 909 3908 Factum
927 3851 981 3908 est
996 3851 1112 3909 autem
1129 3847 1269 3911 occulto

316 3943 375 4006 sed
387 3943 485 4027 justo
501 3950 617 4007 tamen
633 3943 700 4006 Dei
712 3944 856 4027 judicio,
874 3944 965 4027 quod
980 3945 1023 4007 dc
1043 3946 1269 4027 septuaginta

351 4114 518 4179 ¹Soldonue.]
540 4118 593 4166 The
609 4122 664 4167 text
677 4117 776 4168 follows
801 4120 1268 4183 theemperorManue13Villanicasts

315 4186 779 4250 Nicetesinattributiugthedeieatoi
802 4191 838 4239 all
854 4191 896 4240 the
912 4192 995 4240 blame
1009 4205 1078 4252 upon
1093 4191 1136 4240 the
1149 4191 1253 4243 Greeks
1257 4208 1266 4254 3

315 4255 356 4305 the
368 4255 509 4306 Christiana
520 4262 546 4306 to
557 4257 598 4306 the
610 4259 740 4322 treachery
752 4259 781 4308 oi
802 4276 919 4324 compare
930 4261 1000 4310 Will.
1011 4261 1071 4322 Tyr.
1080 4275 1107 4322 p„
1117 4266 1174 4313 902.
