2820 4882
376 423 515 473 rnonns
538 423 809 476 mercurinus.
1003 413 1069 479 871

118 580 295 646 audientia
309 582 546 667 episcoporum
564 584 714 649 omnium
732 604 774 649 ac
788 586 970 665 baronum,
992 588 1067 654 baec
1081 605 1137 647 nn.
1147 607 1203 649 nu.

117 681 210 745 inter
220 689 348 746 caetera
364 684 597 764 continentes3
613 684 905 750 ‘Universitatem
914 694 1066 754 vestram

117 799 299 845 monemus
323 789 359 846 et
381 783 588 847 auctoritate
611 802 681 866 qua
703 784 879 867 fungimur
909 786 1066 853 districte

116 880 350 964 praecipimus,
373 888 412 945 ut
433 883 586 946 natalem
608 882 751 947 Thomae
771 885 934 969 martyris
959 885 1065 967 glori·

116 979 182 1056 osi,
202 979 462 1044 Cantuariensis
479 982 562 1045 olim
583 982 845 1066 archiepiscopi,
863 983 952 1048 diem
969 984 1065 1050 vide-

116 1076 199 1143 licet
223 1080 395 1161 passionis
413 1079 501 1163 ejus,
522 1080 721 1147 solemniter
740 1083 805 1146 sub
824 1083 925 1147 annis
945 1083 1065 1166 singu.

117 1177 161 1241 lis
188 1177 379 1256 celebretis,
408 1186 444 1243 et
471 1181 563 1263 apud
592 1200 671 1245 eum
695 1182 823 1247 votivis
849 1183 1063 1247 orationibus

117 1279 288 1359 satagatis
309 1285 530 1362 peccatorum
546 1281 683 1345 veniam
705 1282 903 1364 promereri,
929 1289 980 1360 nt,
1003 1283 1063 1366 qui

116 1395 181 1459 pro
199 1376 339 1442 Christo
360 1378 397 1441 in
415 1378 489 1442 vita
511 1380 655 1444 exilium
676 1387 712 1445 et
733 1380 769 1444 in
791 1388 902 1445 morte
922 1382 1062 1446 vinutis

116 1478 315 1541 constantia
329 1479 532 1562 martyrium
546 1479 691 1562 pertulit
706 1481 890 1562 passionis,
913 1481 1063 1545 fidelium

111 1575 193 1659 jugi
218 1577 472 1659 supplicatione
489 1578 732 1661 interpellatus
755 1581 848 1662 apud
863 1581 978 1645 Deum
1001 1600 1065 1664 pro

116 1676 217 1739 nobis
238 1677 453 1742 intercedat'
490 1677 660 1761 Apicibus
676 1685 790 1743 autem
808 1679 869 1744 vix
891 1679 1064 1763 perlectis,

115 1773 320 1840 levaverunt
345 1796 467 1840 vocem
500 1797 618 1842 omnes
649 1778 687 1840 in
722 1778 869 1842 sublime
898 1779 1064 1858 dicentes,

115 1873 195 1938 ‘Te
212 1875 327 1938 Deum
342 1869 549 1942 landamns.'
598 1877 645 1942 Et
666 1878 830 1960 quoniam
856 1877 1065 1960 suffraganei

116 1972 193 2056 ejus
204 1973 356 2039 debitam
367 1976 459 2058 patri
474 1977 703 2041 reverentiam
721 1984 783 2041 aut
799 1977 987 2056 exsulanti,
1002 1987 1065 2042 aut

117 2074 162 2137 ab
190 2074 295 2139 exilio
323 2075 522 2152 revertenti,
540 2074 595 2139 vol
621 2076 726 2140 etiam
746 2095 886 2141 reverso
907 2096 976 2140 non
1001 2097 1064 2140 ex·

117 2172 312 2263 hibnerant,
326 2173 387 2237 sed
411 2174 527 2256 potins
551 2174 689 2240 fuerant
710 2175 893 2257 persecuti,
908 2183 947 2240 ut
962 2195 1064 2240 suum

116 2271 254 2355 publice
276 2273 434 2337 omnibns
456 2273 704 2339 confiterentur
720 2294 870 2338 errorem
887 2281 923 2339 et
939 2275 1065 2359 iniqui·

118 2378 237 2450 tatem,
260 2391 305 2436 ex
329 2391 388 2436 ore
410 2373 512 2438 unius
534 2373 688 2456 episcopi
710 2374 862 2437 omnium
888 2375 1067 2457 episcopo-

118 2489 193 2535 rum
209 2478 262 2536 est
276 2490 443 2555 expressa
460 2472 629 2537 consessio
646 2472 805 2550 dicentis,
818 2473 981 2552 ‘Adesto,
991 2475 1066 2539 Do·

118 2571 221 2649 mine,
246 2571 556 2654 supplicationibus
577 2572 718 2651 nostris,
736 2578 787 2650 ut,
803 2573 864 2656 qni
878 2593 924 2638 ex
938 2574 1065 2658 iniqui·

117 2676 190 2734 tate
223 2678 343 2735 nostra
374 2691 451 2736 reos
483 2691 549 2736 nos
581 2689 657 2736 esse
686 2673 939 2754 cognoscimus,
972 2675 1065 2739 beati

117 2768 263 2835 Thomae
288 2772 451 2854 martyris
482 2772 535 2836 tui
566 2777 674 2854 atque
701 2772 874 2854 pontificis
900 2773 1065 2839 interces-

118 2870 215 2934 sione
230 2870 436 2935 liberemur.'
461 2871 591 2936 Eodem
609 2889 700 2935 anno
718 2871 845 2951 Maria,
862 2891 961 2936 soror
977 2873 1066 2957 ejus-

119 2967 195 3032 dem
222 2971 335 3036 suncti
357 2970 532 3054 martyris,
549 2989 631 3052 rege
644 2970 801 3054 jubente,
822 2970 917 3034 facta
932 2979 986 3034 est
1003 2974 1065 3036 ab·

117 3068 251 3133 batissa
281 3067 541 3152 Berlingensis.
606 3068 676 3133 Per
705 3069 795 3133 idem
828 3076 965 3152 tempus
1002 3090 1065 3134 rex

120 3167 295 3233 Henricns
329 3168 470 3252 juvenis
499 3175 651 3232 castrum
681 3167 836 3232 Gornaci
860 3169 1007 3247 obsedit,
1030 3177 1067 3234 et

118 3269 211 3350 cepit
233 3269 269 3331 in
292 3288 334 3332 eo
359 3267 547 3350 Hugonem
570 3268 746 3332 dominum
769 3269 875 3332 castri
897 3276 933 3332 et
955 3268 1064 3332 filium

118 3367 194 3451 ejus
212 3387 290 3432 cum
305 3368 429 3450 viginti
445 3374 596 3452 quatuor
615 3367 795 3446 militibus,
817 3375 969 3432 castrum
991 3387 1067 3434 suc·

122 3467 238 3531 cendit
270 3475 306 3532 et
337 3469 527 3550 burgenses
559 3467 603 3531 ad
635 3467 906 3550 redemptionem
940 3469 1066 3550 coegit.

120 3565 200 3645 Quo
231 3568 336 3632 etiam
367 3574 521 3650 tempore
546 3565 736 3645 Robertus,
759 3584 874 3632 comes
898 3567 1067 3650 Legeces-

118 3667 256 3744 trensis,
287 3675 426 3731 etcum
455 3686 496 3731 eo
522 3665 719 3731 Willelmus
753 3666 795 3731 de
827 3662 1068 3745 Tankarvilla,

118 3785 195 3829 cum
228 3765 346 3831 multis
371 3765 553 3830 comitibus
579 3771 616 3829 et
641 3766 840 3844 baronibus,
866 3786 981 3849 regem
1005 3786 1068 3850 pa·

118 3872 206 3930 trem
237 3867 470 3950 relinquentes
497 3865 541 3930 ad
563 3884 679 3948 regem
702 3865 811 3930 filium
837 3866 1067 3948 transfugium

117 3964 282 4029 fecerunt.
