2820 4882
404 424 555 474 :suoans
580 423 849 472 utsroruinuu.
1068 413 1110 475 15

158 583 243 647 Erat
282 589 397 647 autem
429 583 603 648 Radulfus
642 605 686 649 ex
724 593 835 647 matre
865 583 1036 647 Wallensi
1074 589 1242 646 etenum.

156 690 255 764 patre
282 682 432 764 Anglico
458 692 657 765 generatus
685 692 732 761 et,
758 686 849 748 sicut
872 684 1036 759 diximus,
1056 684 1109 745 in·

156 789 273 845 stante
297 782 352 845 die
377 784 588 865 nuptiarum,
611 785 791 866 utriusque
816 785 925 866 partis
950 784 1051 847 amici
1073 783 1110 846 in

149 882 241 945 ⁴villa
257 881 475 945 Norwiceusi
490 903 569 945 cum
585 885 788 965 congregati
806 883 963 958 fuissent,
981 891 1017 946 et
1030 890 1110 965 post

155 981 378 1045 refectionem
410 981 635 1046 lautissimam
669 984 751 1046 vino
790 983 950 1046 inebriati
983 990 1109 1058 essent,

155 1088 338 1162 coeperunt
358 1082 568 1144 unanimiter
586 1082 623 1144 in
644 1102 760 1164 regem
783 1081 1010 1164 proditionem
1025 1102 1111 1146 voce

156 1179 311 1243 clamosa
327 1181 545 1262 conspirare3
565 1189 758 1246 asserentes
772 1181 943 1246 bominem
961 1182 996 1243 in
1011 1182 1110 1245 adul-

156 1280 244 1341 terio
263 1286 397 1354 natum,
416 1287 454 1343 ut
470 1288 568 1343 tanto
583 1301 690 1362 regno
706 1282 904 1363 talibusque
919 1281 1004 1345 viris
1021 1301 1110 1364 prae·

155 1387 261 1454 esset,
284 1380 424 1442 minime
445 1381 648 1445 convenire.'
693 1381 804 1444 Erant
826 1381 928 1464 bujus
951 1381 1110 1444 factionis

156 1478 344 1560 complices
362 1479 534 1560 Rogerus,
551 1481 769 1545 Weltbeofus
795 1488 830 1544 et
848 1480 1031 1555 Radulfus,
1052 1500 1109 1544 co·

154 1579 271 1653 miteS,
300 1579 416 1661 plures
447 1581 599 1662 episcopi
631 1588 666 1644 et
689 1582 846 1657 abbates,
873 1601 951 1644 cum
976 1581 1112 1643 baroni-

156 1680 221 1741 bus
249 1686 285 1742 et
315 1679 539 1743 bellatoribus
570 1681 700 1756 multiS,
724 1681 786 1762 qui
813 1680 1038 1744 communiter
1066 1680 1109 1742 ad

157 1799 275 1859 regem
293 1778 471 1842 Danorum
489 1780 629 1843 nuntios
646 1781 833 1859 dirigentes
851 1779 1019 1842 auxilium
1034 1779 1110 1863 ejus

156 1879 345 1941 instantius
372 1879 601 1959 flagitabant3
628 1880 762 1956 deinde,
785 1879 1018 1944 Wallensibus
1044 1880 1110 1942 sibi

156 1976 415 2054 confoederatis,
432 1980 669 2061 uuusquisque
687 1981 724 2042 in
748 1999 813 2042 sua
827 1986 1012 2061 potestate,
1030 1980 1110 2058 igne

156 2078 377 2140 accumulato
400 2079 434 2140 in
460 2078 550 2141 villis
581 2081 696 2161 regiis,
723 2080 854 2161 rapinis
884 2078 1109 2158 indulgebat3

157 2177 218 2240 sed
237 2178 431 2254 castellani,
447 2179 507 2260 qui
524 2187 640 2242 castra
654 2178 746 2260 regis
764 2178 1016 2253 custodiebant,
1033 2197 1108 2240 cum

157 2277 297 2358 populis
314 2277 584 2359 provincialibus
600 2280 649 2342 eis
663 2280 801 2342 obviam
816 2278 1006 2353 venientes,
1017 2278 1110 2358 ipso-

158 2396 235 2438 rum
257 2376 392 2440 irritare
416 2379 631 2459 propositum
656 2378 873 2442 laborabant.
925 2377 1024 2439 Tunc
1046 2398 1106 2440 rex

159 2474 356 2539 Willelmus
378 2478 492 2539 subito
515 2477 558 2540 de
582 2477 799 2542 Normannia
822 2478 968 2554 rediens,
992 2477 1108 2558 Roge-

159 2594 237 2636 rum
265 2576 436 2652 comitem,
459 2584 646 2657 cognatum
672 2598 785 2654 suum,
814 2584 849 2640 et
874 2576 1110 2641 Weltbeofum

159 2667 265 2756 cepit,
284 2682 320 2737 et
336 2675 483 2738 vinculis
501 2678 706 2741 constrictos
729 2678 793 2739 sub
811 2676 974 2739 carcerali
995 2683 1109 2739 custo-

160 2774 217 2836 dia
232 2775 432 2856 deputavit3
456 2776 548 2858 quod
565 2796 679 2840 comes
695 2776 870 2840 Radulfus
885 2796 963 2838 cum
983 2796 1111 2857 cogno·

160 2875 279 2950 visset,
298 2875 341 2937 ab
359 2873 490 2956 Anglia
508 2877 753 2940 tremebundus
770 2876 924 2939 recessit.
977 2877 1112 2940 Deinde

160 2993 223 3036 rex
238 2974 436 3038 Willclmus
459 2976 501 3038 ad
521 2975 721 3040 Norwicum
746 2976 935 3040 exercitum
960 2978 1111 3053 mittenS,

161 3073 294 3136 tamdiu
316 3094 460 3138 uxorem
487 3075 627 3138 Radulfi
651 3077 788 3140 comitis
813 3077 947 3140 obsedit
972 3077 1009 3139 in
1035 3096 1111 3139 cas·

161 3173 245 3236 tello
260 3194 339 3236 cum
356 3175 487 3237 familia
504 3195 578 3252 sua,
590 3196 782 3258 quousque,
793 3177 1030 3239 deficientibus
1045 3177 1110 3238 sibi

159 3272 347 3350 alimentis,
372 3275 529 3355 praestita
552 3276 713 3339 cautione
738 3276 922 3359 juratoria,
947 3275 1040 3356 quod
1067 3275 1111 3336 ab

161 3370 294 3453 Anglia
307 3373 492 3450 recederet,
508 3395 577 3438 non
591 3376 704 3441 denuo
720 3376 902 3440 reversuri.
954 3373 1111 3438 Wallen·

160 3491 218 3535 ses
242 3492 337 3548 vero,
362 3475 421 3555 qui
445 3475 600 3555 praefatis
623 3475 854 3539 interfuerant
883 3473 1026 3556 nuptiiS,
1049 3492 1111 3535 rex

162 3571 359 3635 Willelmus
369 3572 534 3654 quosdam
547 3574 733 3638 luminibus
742 3574 850 3659 jussit
859 3575 1000 3657 privari,
1010 3591 1113 3654 quos-

161 3671 243 3734 dam
268 3673 303 3734 in
325 3672 485 3735 exsilium
504 3675 593 3755 cogi,
611 3675 793 3741 nonnullos
815 3695 897 3738 vero
920 3676 1001 3738 fecit
1024 3673 1113 3755 pati-

161 3771 245 3834 bulo
270 3772 444 3853 suspendi.
498 3774 544 3838 Et
569 3774 623 3838 bis
650 3775 701 3838 ita
728 3776 849 3856 gestis,
874 3780 1043 3837 venerunt
1068 3792 1113 3835 ex

164 3870 277 3934 Dacia
295 3870 409 3935 Cnuto
431 3873 523 3937 filius
543 3874 660 3938 Swani
688 3883 722 3938 et
740 3875 866 3938 Hacon
892 3888 1018 3950 comes,
1035 3892 1113 3935 cum

163 3970 312 4034 navibus
327 3971 485 4035 ducentis
501 3983 635 4037 armata
652 3994 755 4037 manu
777 3974 938 4056 repletis3
962 3972 1033 4047 sed,
1051 3993 1113 4035 au-

160 4071 297 4134 dientes
313 4071 355 4134 de
369 4072 561 4137 fautoribus
579 4075 649 4137 suis
667 4075 758 4157 quod
773 4075 902 4138 factum
918 4075 1043 4148 fuerat,
1061 4092 1114 4134 re·

163 4171 266 4234 tortis
288 4171 376 4234 velis
405 4172 447 4235 ad
467 4173 664 4236 Flandriam
687 4176 908 4256 navigarunt,
932 4193 1010 4236 cum
1026 4170 1114 4235 Wil-
