2820 4882
420 383 560 432 riorus
585 384 856 434 nrsronmnuu.
1070 367 1114 431 49

162 541 194 604 in
213 560 272 606 ore
294 560 486 621 saccorum,
502 543 562 608 sed
581 544 617 607 in
636 544 746 627 ipsius
768 542 1018 627 archiepiscopi
1040 560 1111 605 ma·
1125 558 1247 599 nnius

160 643 244 705 nicis
267 650 303 706 et
319 643 470 719 clitellis,
486 645 664 726 improbus
685 651 921 726 perscrutator
936 642 1109 725 quaesivit,

160 742 219 806 sed
234 742 417 824 quaesitam
435 763 504 806 non
520 745 676 821 invenit3
700 744 761 808 sed
777 764 840 807 nec
864 745 914 807 sic
940 742 1109 824 arehiepi-

158 861 285 924 scopus
306 842 364 906 vel
384 844 528 907 verbum
556 843 674 907 retulit
697 843 952 916 amaritudinis
966 843 1021 905 vel
1047 861 1109 906 no·

158 949 230 1006 tam
249 941 462 1005 confusionis
479 953 541 1006 aut
555 943 753 1006 offensionis
778 942 915 1024 signum
943 942 1107 1005 ostendit.

158 1041 226 1106 Sed
243 1041 337 1105 illico
354 1061 432 1105 oum
448 1043 726 1126 archiepiscopus
743 1042 1013 1117 transfretasset,
1022 1043 1109 1122 pube

157 1141 234 1206 licae
261 1142 447 1223 potestatis
470 1143 685 1225 apparitores
709 1143 826 1207 omnia
848 1142 926 1224 ejus
942 1149 978 1206 et
999 1141 1107 1205 eccle·

158 1243 221 1306 siae
239 1243 332 1305 bona
354 1240 529 1305 fiscalibus
552 1241 740 1306 commodis
765 1242 985 1318 addixerunt,
1008 1240 1043 1304 in
1062 1241 1108 1304 ir-

157 1343 264 1406 ritum
285 1349 489 1406 revocantes
510 1342 673 1425 quicquid
691 1342 851 1405 utilitatis
867 1341 922 1405 vel
946 1341 1108 1405 honesta-

158 1442 205 1505 tis
230 1442 268 1503 in
298 1441 445 1505 ecclesia
469 1448 640 1506 statuerat
662 1441 885 1522 archipraesul
907 1440 1106 1504 Anselmus.

158 1541 320 1606 Visitans
348 1560 432 1622 ergo
456 1541 575 1604 limina
604 1541 852 1623 apostolorum,
879 1559 900 1603 a
928 1559 1019 1622 papa
1041 1540 1110 1604 Ur-

158 1643 250 1706 bano
268 1641 421 1705 maximo
436 1660 515 1704 cum
531 1641 660 1705 honore
683 1648 844 1722 receptus
863 1648 917 1704 est
934 1638 1108 1715 Laterani,

156 1760 238 1805 cnm
253 1760 323 1824 quo
346 1740 565 1823 postmodum
579 1741 615 1803 in
631 1740 778 1803 Barensi
800 1740 947 1804 concilio
965 1739 1108 1802 Graeco·

157 1861 236 1905 rum
252 1860 275 1904 a
292 1840 359 1904 fide
383 1840 554 1904 catholica
575 1840 814 1904 dissidentium
839 1839 1033 1903 confutavit
1054 1858 1108 1901 er·

156 1961 284 2006 rorem.
336 1939 471 2004 Habito
489 1939 611 2004 deinde
633 1940 780 2004 concilio
795 1939 931 2015 Romae,
949 1940 1003 2001 cui
1018 1938 1108 2002 idem

158 2060 252 2125 papa
264 2039 428 2122 praesedit
438 2039 613 2117 Urbanus,
622 2039 779 2103 interfuit
791 2059 799 2117 ;
815 2040 851 2101 in
861 2058 942 2120 quo,
951 2036 1108 2101 Anselmi

159 2141 317 2217 consilio,
353 2140 461 2203 laicos
493 2140 718 2203 investituras
753 2137 976 2202 ecclesiarum
1015 2156 1109 2200 more

159 2242 308 2324 pristino
333 2239 559 2315 conferentes,
584 2247 620 2302 et
642 2258 701 2303 eas
724 2258 746 2301 a
767 2239 864 2301 laicis
888 2238 1109 2319 accipientes,

161 2350 196 2406 et
220 2341 338 2405 taliter
363 2346 443 2421 post
470 2339 633 2420 adeptum
657 2339 821 2402 honorem
843 2358 968 2401 munus
989 2356 1109 2401 conse-

161 2440 324 2505 crationis
338 2438 535 2521 impendere
551 2447 810 2521 praesumentes,
828 2457 846 2500 a
873 2437 1111 2502 communione

164 2541 315 2606 fidelium
339 2539 515 2622 synodalis
538 2540 728 2602 auctoritas
751 2539 903 2603 decrevit
929 2545 1109 2602 exsortes:

166 2660 186 2704 a
214 2640 361 2705 concilio
393 2638 500 2720 igitur
531 2639 667 2702 rediens
699 2637 988 2719 archiepiscopus
1018 2636 1111 2718 apud

168 2740 374 2822 Lugdunum
387 2739 626 2820 aequanimiter
642 2738 748 2800 subiit
766 2738 923 2800 exsilium
941 2756 1050 2820 usque
1067 2736 1111 2800 ad

168 2839 267 2905 finem
283 2841 366 2904 vitae
382 2839 474 2920 regis
491 2838 668 2904 Willelmi.

281 3014 411 3079 Daulia
426 3023 454 3079 el
467 3025 560 3080 uwrte
574 3015 675 3080 caucta'
696 3014 832 3079 Watoui
845 3015 987 3100 aphcopi.

215 3137 321 3204 Anno
344 3140 481 3203 Domini
499 3143 615 3204 mxcvi
628 3140 683 3204 vir
699 3139 782 3204 vitae
797 3140 1004 3205 venerabilis
1020 3133 1113 3202 ¹Wl-
1126 3148 1263 3244 &mv

168 3247 301 3317 stanus,
313 3239 565 3321 Wigorniensis
588 3236 783 3322 episcopus,
800 3241 963 3322 migravit
980 3239 1024 3301 ad
1040 3237 1114 3302 Do·
1127 3248 1251 3339 pom·

168 3341 310 3416 minum,
337 3340 436 3422 cujus
462 3341 622 3403 nimirum
653 3339 862 3421 religiositas
890 3347 926 3404 et
951 3337 1115 3419 religiosa

167 3440 277 3521 exigit
303 3440 484 3516 sanctitas
507 3446 547 3502 ut
563 3439 606 3502 de
623 3438 699 3521 ejus
724 3440 761 3502 in
786 3440 902 3504 seculo
930 3458 1115 3502 conversa·

168 3541 263 3604 tione
284 3538 452 3602 laudabili
468 3539 524 3603 vel
545 3557 660 3622 panca
681 3538 726 3601 ad
749 3539 935 3620 legentium
965 3539 1115 3602 aedifica·

167 3640 297 3704 tionem
318 3637 397 3701 huic
419 3639 573 3702 historiae
589 3640 793 3701 inseramus.
845 3639 1028 3703 Wlstanus
1049 3639 1115 3720 igi-

166 3746 223 3804 tur
238 3739 318 3804 Deo
342 3739 428 3801 satis
445 3738 615 3815 amabilis,
630 3739 666 3801 in
695 3739 872 3820 provincia
888 3738 1116 3802 Warwicensi

167 3838 340 3921 religiosis
365 3838 566 3920 parentibus
591 3837 769 3915 oriundus,
799 3846 898 3919 patre
923 3838 1054 3901 Estano
1082 3845 1118 3905 et

202 4047 210 4078 ¹
226 4049 364 4108 Wktaaas,
385 4045 567 4110 Wigoraieaeia
583 4045 633 4110 epi-
657 4046 700 4095 the
719 4050 839 4095 accounts
855 4048 890 4108 by
907 4047 998 4097 Ailred
1016 4049 1046 4097 of
1059 4050 1120 4098 Rie-

167 4119 274 4185 aropua.]
291 4118 345 4167 The
356 4116 452 4180 history
462 4117 492 4166 οἰ
499 4117 541 4166 the
552 4116 596 4166 lite
608 4117 637 4166 oi
657 4116 744 4178 saulx,
761 4116 929 4181 Malmsbury,
947 4119 999 4168 and
1018 4119 1119 4169 Simeon

170 4191 286 4240 Wulstan
297 4188 345 4237 has
359 4189 424 4240 boen
435 4187 560 4251 compiled
570 4187 632 4237 from
656 4187 685 4236 ol
693 4185 817 4238 Durham.

221 4281 301 4329 VOL.
320 4280 360 4329 11.
951 4281 971 4326 Ε
