2820 4882
308 395 373 459 106
564 409 700 458 aonam
724 408 770 456 oa
793 408 998 456 waucovra

145 589 268 628 annon.
307 565 512 629 instruebat.
539 565 766 629 Boamundus
778 585 929 648 quoque,
944 565 1144 642 versavice,
1154 567 1257 630 amici

143 640 294 731 llilldle..
307 667 362 729 sui
384 655 581 730 occultabat
604 684 780 743 arcanum,
804 667 856 730 ita
877 673 917 729 ut
939 666 1054 730 nullus
1076 667 1257 731 internun-

308 767 434 830 tiorum
451 766 628 830 alterutrae
646 766 757 849 partis
779 766 920 849 aliquod
943 777 1153 830 secretorum
1176 786 1258 849 pos-

307 873 362 931 set
386 866 547 949 colligere
572 873 825 946 argumentum.
878 865 1035 949 Cumque
1054 866 1130 951 jam
1156 868 1257 948 quasi

307 968 483 1031 mensibus
509 973 642 1048 septem
666 966 740 1030 haec
765 985 802 1031 se
824 965 996 1030 intereos
1019 967 1258 1031 continuasset

308 1067 473 1143 amicitia,
494 1067 696 1149 plerumque
717 1065 856 1130 babitus
874 1074 928 1131 est
949 1086 1062 1130 sermo
1083 1067 1175 1132 iuter
1196 1086 1257 1130 eos

309 1166 480 1250 quomodo
499 1165 705 1230 Christianae
723 1167 881 1249 religioni
898 1167 1022 1231 civitas
1036 1167 1259 1246 redderetur3

309 1274 446 1331 etcum
474 1285 578 1348 super
601 1267 666 1330 hoc
691 1285 712 1329 a
734 1267 938 1330 Boamundo
962 1267 1103 1350 Emyfer
1128 1267 1259 1349 saepius

309 1375 401 1433 esset
428 1373 631 1451 conventus,
656 1367 763 1430 semel
787 1367 820 1431 ei
844 1387 905 1449 per
930 1367 1037 1431 filium
1061 1387 1175 1445 suum,
1197 1368 1258 1449 qui

309 1473 521 1531 secretorum
539 1473 614 1530 erat
630 1467 781 1549 bajuluS,
797 1467 923 1530 dicitur
939 1466 1168 1549 respondisse,
1194 1472 1205 1500 ⁴
1221 1466 1259 1530 Si

309 1568 457 1651 patriam
480 1568 637 1650 pristinae
659 1568 841 1630 restituere
865 1567 1029 1644 libertati,
1049 1574 1084 1631 et
1106 1567 1258 1631 exclusis

309 1668 454 1731 canibus
477 1667 673 1745 immundis,
688 1687 834 1749 quorum
851 1657 1005 1732 violenta
1024 1667 1258 1732 dominatione

310 1769 509 1850 premimur,
525 1767 692 1850 populum
708 1767 776 1830 Dei
800 1767 967 1833 cultorem
989 1786 1127 1850 possem
1148 1769 1259 1832 intro-

310 1868 447 1946 ducere,
467 1875 582 1933 certus
609 1887 686 1931 sum
707 1868 798 1950 quod
822 1887 899 1931 cum
925 1869 1055 1932 sanctis
1077 1869 1259 1932 animabus

310 1977 449 2032 aeternae
474 1967 698 2031 beatitudinis
721 1969 865 2050 praemia
889 1968 1095 2050 possideb03
1121 1969 1151 2031 si
1174 1964 1258 2033 vero

309 2089 381 2132 rem
395 2069 569 2151 inceptam
591 2087 828 2131 consummare
846 2069 1044 2150 nequivero,
1058 2068 1179 2155 procul
1195 2069 1259 2131 du·

309 2169 366 2232 bio
384 2168 506 2232 domus
528 2187 605 2230 mea
622 2174 657 2230 et
676 2166 852 2250 praeclarae
869 2187 994 2231 nomen
1009 2167 1149 2231 familiae
1160 2189 1257 2232 -meae

309 2268 490 2346 delebitur,
507 2268 559 2331 ita
573 2274 698 2330 utnon
715 2276 923 2332 memoretur
940 2287 1064 2331 nomen
1086 2267 1179 2331 illius
1204 2268 1258 2331 ul·

310 2376 389 2447 tra3
422 2368 481 2431 sed
506 2367 537 2430 si
562 2375 601 2431 tu
627 2367 692 2431 hoc
715 2386 835 2449 posses
861 2367 952 2450 apud
977 2375 1057 2431 tuos
1079 2356 1258 2433 consortes

309 2468 477 2544 obtinere,
501 2466 593 2548 quod
616 2467 805 2544 civitatem,
828 2487 904 2533 meo
926 2468 989 2531 tibi
1011 2467 1128 2532 studio
1151 2468 1258 2531 tradi·

308 2575 392 2643 tam,
408 2574 503 2631 tuam
521 2567 744 2650 appropriare
759 2574 794 2631 et
811 2568 847 2630 in
863 2575 942 2632 tuos
957 2587 1041 2631 usus
1057 2575 1258 2632 convertere

308 2667 491 2744 voluisseS,
507 2687 573 2750 ego
591 2668 643 2732 tui
664 2668 780 2749 gratia
800 2669 844 2731 ad
866 2686 954 2750 opus
976 2665 1182 2751 praedictum
1203 2688 1258 2732 me

308 2767 499 2847 accingam,
523 2774 559 2831 et
580 2768 703 2831 turrim
729 2787 840 2832 meam
865 2768 1130 2832 munitissimam
1155 2768 1258 2847 hanc,

308 2860 363 2930 ut¹
390 2867 498 2944 vides,
525 2868 587 2930 tibi
609 2868 757 2945 tradam,
781 2867 871 2931 unde
897 2869 1109 2951 principibus
1131 2869 1258 2933 vestris

308 2967 395 3030 liber
413 2968 449 3031 in
470 2967 646 3031 civitatem
671 2975 790 3050 patere
810 2969 938 3051 poterit
957 2969 1147 3050 ingressus
1199 2968 1257 3033 Ad

308 3067 395 3144 haec,
416 3068 565 3146 noveriS,
584 3068 677 3151 quod
699 3068 766 3131 nisi
788 3067 853 3132 hoc
880 3069 916 3131 in
941 3069 1100 3152 proximo
1125 3069 1199 3146 fiat,
1222 3070 1259 3133 in

307 3165 513 3250 perpetuum
527 3168 713 3246 differetur,
730 3169 874 3232 veniunt
896 3168 987 3232 enim
1008 3170 1045 3232 in
1067 3169 1260 3233 subsidium

308 3268 461 3332 civitatis
479 3269 631 3332 exomni
648 3269 779 3332 oriente
795 3269 951 3351 equitum
968 3270 1119 3334 ducenta
1135 3269 1258 3347 millia,

308 3369 367 3450 qui
379 3368 454 3451 jam
466 3369 558 3432 circa
567 3369 777 3451 Euphratem
792 3376 907 3433 castra
921 3369 1141 3434 statuerunt'
1169 3368 1260 3434 Haec

308 3468 453 3558 audiens
474 3469 697 3533 Boamundus
720 3470 816 3534 venit
838 3470 875 3532 in
895 3477 1012 3535 castra
1036 3477 1083 3547 et,
1106 3469 1259 3553 majores

308 3569 480 3652 principes
496 3589 518 3633 a
534 3571 635 3633 turba
655 3589 810 3635 seorsum
833 3570 1020 3648 advocans,
1037 3571 1088 3634 ita
1108 3570 1257 3653 alloqui·

308 3678 365 3732 tur
387 3669 516 3746 dicenS,
543 3669 682 3734 ‘Video
710 3690 784 3748 vos,
807 3670 931 3735 fratres
966 3670 1192 3748 dilectissimi,
1214 3671 1258 3735 do

308 3770 461 3834 adventu
477 3769 571 3832 illius
586 3769 818 3834 multitudinis
836 3780 1047 3835 armatorum
1066 3777 1100 3835 et
1116 3771 1257 3834 illorum

308 3870 405 3933 ducis
430 3869 646 3934 Corbaranni
678 3870 784 3934 nimia
814 3871 1046 3935 sollicitudine
1077 3873 1258 3950 macerari,

308 3972 368 4051 qui
385 3969 467 4052 jam
495 3970 709 4040 obsidionem
738 3970 879 4035 Edessae
906 3972 1071 4048 civitatis,
1101 3971 1161 4035 ubi
1196 3991 1258 4054 per

308 4077 380 4132 tres
398 4070 611 4152 septimanas
627 4071 869 4148 consederunt,
886 4073 930 4135 ad
947 4072 1014 4136 hoc
1032 4072 1259 4153 reliquerunt,

476 4227 482 4256 ¹
501 4230 635 4294 [sicidae]
658 4232 712 4281 The
724 4237 803 4281 tower
816 4233 844 4280 of
852 4233 894 4299 the
901 4233 982 4282 Three
994 4234 1093 4282 Sisters.
