<?xml version="1.0" encoding="UTF-8"?>
<!DOCTYPE html PUBLIC "-//W3C//DTD XHTML 1.0 Transitional//EN"
    "http://www.w3.org/TR/xhtml1/DTD/xhtml1-transitional.dtd">
<html xmlns="http://www.w3.org/1999/xhtml" xml:lang="en" lang="en">
 <head>
  <title>
</title>
<meta http-equiv="Content-Type" content="text/html;charset=utf-8" />
  <meta name='ocr-system' content='tesseract 3.04.00' />
  <meta name='ocr-capabilities' content='ocr_page ocr_carea ocr_par ocr_line ocrx_word'/>
</head>
<body>
  <div class='ocr_page' id='page_1' title='image "./rogeridewendove01rogegoog_0340.png"; bbox 0 0 2820 4882; ppageno 0'>
   <div class='ocr_carea' id='block_1_1' title="bbox 375 399 1065 464">
    <p class='ocr_par' dir='ltr' id='par_1_1' title="bbox 375 399 1065 464">
     <span class='ocr_line' id='line_1_1' title="bbox 375 399 1065 464; baseline 0.003 -2"><span class='ocrx_word' id='word_1_1' title='bbox 375 414 513 463; x_wconf 80' lang='lat' dir='ltr'>monas</span> <span class='ocrx_word' id='word_1_2' title='bbox 535 415 804 463; x_wconf 78' lang='lat' dir='ltr'>msroamnuu.</span> <span class='ocrx_word' id='word_1_3' title='bbox 998 399 1065 464; x_wconf 82' lang='lat'>329</span> 
     </span>
    </p>
   </div>
   <div class='ocr_carea' id='block_1_2' title="bbox 113 570 1199 682">
    <p class='ocr_par' dir='ltr' id='par_1_2' title="bbox 113 570 1199 682">
     <span class='ocr_line' id='line_1_2' title="bbox 113 570 1199 682; baseline -0.001 -49"><span class='ocrx_word' id='word_1_4' title='bbox 113 570 249 649; x_wconf 88' lang='lat' dir='ltr'>vicerit,</span> <span class='ocrx_word' id='word_1_5' title='bbox 262 592 325 635; x_wconf 91' lang='lat' dir='ltr'>nec</span> <span class='ocrx_word' id='word_1_6' title='bbox 341 572 593 636; x_wconf 81' lang='lat' dir='ltr'><strong>verecundatur</strong></span> <span class='ocrx_word' id='word_1_7' title='bbox 609 573 728 636; x_wconf 85' lang='lat' dir='ltr'>cedere</span> <span class='ocrx_word' id='word_1_8' title='bbox 743 593 820 636; x_wconf 90' lang='lat' dir='ltr'>cum</span> <span class='ocrx_word' id='word_1_9' title='bbox 835 576 1062 655; x_wconf 89' lang='lat' dir='ltr'>superaverit.</span> <span class='ocrx_word' id='word_1_10' title='bbox 1076 593 1199 682; x_wconf 56' lang='lat' dir='ltr'>fflffih</span> 
     </span>
    </p>
   </div>
   <div class='ocr_carea' id='block_1_3' title="bbox 113 670 1204 3620">
    <p class='ocr_par' dir='ltr' id='par_1_3' title="bbox 113 670 1204 3620">
     <span class='ocr_line' id='line_1_3' title="bbox 118 670 1187 754; baseline 0.006 -21"><span class='ocrx_word' id='word_1_11' title='bbox 118 670 327 754; x_wconf 88' lang='lat' dir='ltr'>Insipienter</span> <span class='ocrx_word' id='word_1_12' title='bbox 347 678 502 735; x_wconf 85' lang='lat' dir='ltr'>attamen</span> <span class='ocrx_word' id='word_1_13' title='bbox 521 672 557 734; x_wconf 95' lang='lat' dir='ltr'>in</span> <span class='ocrx_word' id='word_1_14' title='bbox 580 673 726 736; x_wconf 91' lang='lat' dir='ltr'>caritate</span> <span class='ocrx_word' id='word_1_15' title='bbox 751 693 819 736; x_wconf 93' lang='lat' dir='ltr'>non</span> <span class='ocrx_word' id='word_1_16' title='bbox 837 673 919 737; x_wconf 87' lang='lat' dir='ltr'>ficta</span> <span class='ocrx_word' id='word_1_17' title='bbox 938 676 988 738; x_wconf 90' lang='lat' dir='ltr'>sic</span> <span class='ocrx_word' id='word_1_18' title='bbox 1010 676 1062 738; x_wconf 94' lang='lat' dir='ltr'>lo·</span> <span class='ocrx_word' id='word_1_19' title='bbox 1076 692 1187 732; x_wconf 65' lang='lat' dir='ltr'>oneret</span> 
     </span>
     <span class='ocr_line' id='line_1_4' title="bbox 116 742 1204 853; baseline 0.004 -20"><span class='ocrx_word' id='word_1_20' title='bbox 116 771 274 853; x_wconf 82' lang='lat' dir='ltr'>quimur3</span> <span class='ocrx_word' id='word_1_21' title='bbox 296 771 357 834; x_wconf 90' lang='lat' dir='ltr'>sed</span> <span class='ocrx_word' id='word_1_22' title='bbox 379 770 411 833; x_wconf 89' lang='lat' dir='ltr'>si</span> <span class='ocrx_word' id='word_1_23' title='bbox 434 770 489 833; x_wconf 90' lang='lat' dir='ltr'>hio</span> <span class='ocrx_word' id='word_1_24' title='bbox 511 770 561 834; x_wconf 89' lang='lat' dir='ltr'>rei</span> <span class='ocrx_word' id='word_1_25' title='bbox 580 771 657 834; x_wconf 87' lang='lat' dir='ltr'>finis</span> <span class='ocrx_word' id='word_1_26' title='bbox 680 773 865 848; x_wconf 81' lang='lat' dir='ltr'>exstiterit,</span> <span class='ocrx_word' id='word_1_27' title='bbox 882 781 933 850; x_wconf 90' lang='lat' dir='ltr'>ut,</span> <span class='ocrx_word' id='word_1_28' title='bbox 957 775 1061 836; x_wconf 91' lang='lat' dir='ltr'>amis·</span> <span class='ocrx_word' id='word_1_29' title='bbox 1075 742 1204 782; x_wconf 55' lang='lat' dir='ltr'><strong>‘mmm&#39;</strong></span> 
     </span>
     <span class='ocr_line' id='line_1_5' title="bbox 115 868 1061 955; baseline 0.006 -24"><span class='ocrx_word' id='word_1_30' title='bbox 115 871 165 932; x_wconf 90' lang='lat' dir='ltr'>sis</span> <span class='ocrx_word' id='word_1_31' title='bbox 183 871 352 946; x_wconf 90' lang='lat' dir='ltr'>omnihus,</span> <span class='ocrx_word' id='word_1_32' title='bbox 368 870 525 933; x_wconf 89' lang='lat' dir='ltr'>dominus</span> <span class='ocrx_word' id='word_1_33' title='bbox 541 868 802 934; x_wconf 87' lang='lat' dir='ltr'>Cantuariensis</span> <span class='ocrx_word' id='word_1_34' title='bbox 818 871 959 935; x_wconf 87' lang='lat' dir='ltr'>exilium</span> <span class='ocrx_word' id='word_1_35' title='bbox 973 872 1061 955; x_wconf 85' lang='lat' dir='ltr'>juge</span> 
     </span>
     <span class='ocr_line' id='line_1_6' title="bbox 116 969 1062 1049; baseline 0.004 -18"><span class='ocrx_word' id='word_1_36' title='bbox 116 969 299 1046; x_wconf 89' lang='lat' dir='ltr'>sustineat,</span> <span class='ocrx_word' id='word_1_37' title='bbox 321 976 357 1032; x_wconf 93' lang='lat' dir='ltr'>et</span> <span class='ocrx_word' id='word_1_38' title='bbox 372 969 509 1045; x_wconf 89' lang='lat' dir='ltr'>vestris,</span> <span class='ocrx_word' id='word_1_39' title='bbox 535 969 626 1049; x_wconf 92' lang='lat' dir='ltr'>quod</span> <span class='ocrx_word' id='word_1_40' title='bbox 649 971 753 1046; x_wconf 87' lang='lat' dir='ltr'>absit,</span> <span class='ocrx_word' id='word_1_41' title='bbox 776 971 950 1033; x_wconf 89' lang='lat' dir='ltr'>mandatis</span> <span class='ocrx_word' id='word_1_42' title='bbox 972 972 1062 1035; x_wconf 91' lang='lat' dir='ltr'>ulte·</span> 
     </span>
     <span class='ocr_line' id='line_1_7' title="bbox 116 1065 1063 1150; baseline 0.006 -22"><span class='ocrx_word' id='word_1_43' title='bbox 116 1067 189 1130; x_wconf 90' lang='lat' dir='ltr'>rius</span> <span class='ocrx_word' id='word_1_44' title='bbox 205 1065 336 1149; x_wconf 84' lang='lat' dir='ltr'>Anglia</span> <span class='ocrx_word' id='word_1_45' title='bbox 352 1066 423 1131; x_wconf 84' lang='lat' dir='ltr'>non</span> <span class='ocrx_word' id='word_1_46' title='bbox 442 1067 592 1145; x_wconf 88' lang='lat' dir='ltr'>obediat,</span> <span class='ocrx_word' id='word_1_47' title='bbox 614 1067 737 1132; x_wconf 90' lang='lat' dir='ltr'>fuisset</span> <span class='ocrx_word' id='word_1_48' title='bbox 759 1069 870 1132; x_wconf 89' lang='lat' dir='ltr'>satius</span> <span class='ocrx_word' id='word_1_49' title='bbox 891 1071 1063 1150; x_wconf 83' lang='lat' dir='ltr'>patienter</span> 
     </span>
     <span class='ocr_line' id='line_1_8' title="bbox 117 1167 1062 1249; baseline 0.003 -20"><span class='ocrx_word' id='word_1_50' title='bbox 117 1167 161 1229; x_wconf 93' lang='lat' dir='ltr'>ad</span> <span class='ocrx_word' id='word_1_51' title='bbox 196 1173 331 1249; x_wconf 87' lang='lat' dir='ltr'>tempus</span> <span class='ocrx_word' id='word_1_52' title='bbox 359 1167 579 1244; x_wconf 86' lang='lat' dir='ltr'>sustinuisse,</span> <span class='ocrx_word' id='word_1_53' title='bbox 606 1185 710 1248; x_wconf 90' lang='lat' dir='ltr'>quam</span> <span class='ocrx_word' id='word_1_54' title='bbox 742 1174 840 1231; x_wconf 91' lang='lat' dir='ltr'>tanto</span> <span class='ocrx_word' id='word_1_55' title='bbox 868 1170 1062 1233; x_wconf 89' lang='lat' dir='ltr'>severitatis</span> 
     </span>
     <span class='ocr_line' id='line_1_9' title="bbox 118 1264 1063 1349; baseline 0.003 -22"><span class='ocrx_word' id='word_1_56' title='bbox 118 1265 193 1328; x_wconf 87' lang='lat' dir='ltr'>zelo</span> <span class='ocrx_word' id='word_1_57' title='bbox 220 1264 422 1330; x_wconf 87' lang='lat' dir='ltr'>deservisse.</span> <span class='ocrx_word' id='word_1_58' title='bbox 490 1265 581 1343; x_wconf 83' lang='lat' dir='ltr'>Quid</span> <span class='ocrx_word' id='word_1_59' title='bbox 603 1265 694 1329; x_wconf 91' lang='lat' dir='ltr'>enim</span> <span class='ocrx_word' id='word_1_60' title='bbox 722 1266 753 1329; x_wconf 90' lang='lat' dir='ltr'>si</span> <span class='ocrx_word' id='word_1_61' title='bbox 775 1266 892 1349; x_wconf 88' lang='lat' dir='ltr'>plures</span> <span class='ocrx_word' id='word_1_62' title='bbox 919 1285 939 1329; x_wconf 93' lang='lat' dir='ltr'>e</span> <span class='ocrx_word' id='word_1_63' title='bbox 964 1269 1063 1332; x_wconf 89' lang='lat' dir='ltr'>nobis</span> 
     </span>
     <span class='ocr_line' id='line_1_10' title="bbox 118 1364 1062 1447; baseline 0.003 -20"><span class='ocrx_word' id='word_1_64' title='bbox 118 1365 162 1427; x_wconf 90' lang='lat' dir='ltr'>ah</span> <span class='ocrx_word' id='word_1_65' title='bbox 193 1364 388 1429; x_wconf 88' lang='lat' dir='ltr'>obedientia</span> <span class='ocrx_word' id='word_1_66' title='bbox 417 1370 536 1428; x_wconf 88' lang='lat' dir='ltr'>vestra</span> <span class='ocrx_word' id='word_1_67' title='bbox 572 1366 767 1447; x_wconf 88' lang='lat' dir='ltr'>persecutio</span> <span class='ocrx_word' id='word_1_68' title='bbox 800 1385 961 1447; x_wconf 87' lang='lat' dir='ltr'>separare</span> <span class='ocrx_word' id='word_1_69' title='bbox 993 1387 1062 1430; x_wconf 89' lang='lat' dir='ltr'>non</span> 
     </span>
     <span class='ocr_line' id='line_1_11' title="bbox 116 1463 1064 1547; baseline 0.003 -20"><span class='ocrx_word' id='word_1_70' title='bbox 116 1463 257 1546; x_wconf 85' lang='lat' dir='ltr'>poterit,</span> <span class='ocrx_word' id='word_1_71' title='bbox 279 1483 348 1527; x_wconf 88' lang='lat' dir='ltr'>non</span> <span class='ocrx_word' id='word_1_72' title='bbox 369 1463 479 1527; x_wconf 88' lang='lat' dir='ltr'>deerit</span> <span class='ocrx_word' id='word_1_73' title='bbox 497 1470 613 1527; x_wconf 88' lang='lat' dir='ltr'>tamen</span> <span class='ocrx_word' id='word_1_74' title='bbox 635 1464 696 1547; x_wconf 92' lang='lat' dir='ltr'>qui</span> <span class='ocrx_word' id='word_1_75' title='bbox 717 1483 832 1546; x_wconf 85' lang='lat' dir='ltr'>genua</span> <span class='ocrx_word' id='word_1_76' title='bbox 845 1472 967 1528; x_wconf 85' lang='lat' dir='ltr'>curvet</span> <span class='ocrx_word' id='word_1_77' title='bbox 982 1473 1064 1530; x_wconf 92' lang='lat' dir='ltr'>ante</span> 
     </span>
     <span class='ocr_line' id='line_1_12' title="bbox 119 1562 1064 1645; baseline 0.004 -20"><span class='ocrx_word' id='word_1_78' title='bbox 119 1563 220 1639; x_wconf 89' lang='lat' dir='ltr'>Baal,</span> <span class='ocrx_word' id='word_1_79' title='bbox 244 1570 280 1626; x_wconf 93' lang='lat' dir='ltr'>et</span> <span class='ocrx_word' id='word_1_80' title='bbox 305 1563 349 1626; x_wconf 91' lang='lat' dir='ltr'>de</span> <span class='ocrx_word' id='word_1_81' title='bbox 377 1582 483 1626; x_wconf 93' lang='lat' dir='ltr'>manu</span> <span class='ocrx_word' id='word_1_82' title='bbox 511 1563 596 1626; x_wconf 92' lang='lat' dir='ltr'>idoli</span> <span class='ocrx_word' id='word_1_83' title='bbox 624 1563 766 1645; x_wconf 87' lang='lat' dir='ltr'>palhum</span> <span class='ocrx_word' id='word_1_84' title='bbox 801 1562 1064 1638; x_wconf 87' lang='lat' dir='ltr'>Cantuariense,</span> 
     </span>
     <span class='ocr_line' id='line_1_13' title="bbox 118 1661 1064 1745; baseline 0.003 -20"><span class='ocrx_word' id='word_1_85' title='bbox 118 1680 188 1725; x_wconf 93' lang='lat' dir='ltr'>non</span> <span class='ocrx_word' id='word_1_86' title='bbox 211 1661 330 1726; x_wconf 87' lang='lat' dir='ltr'>habito</span> <span class='ocrx_word' id='word_1_87' title='bbox 351 1662 529 1744; x_wconf 80' lang='lat' dir='ltr'>religionis</span> <span class='ocrx_word' id='word_1_88' title='bbox 551 1662 700 1738; x_wconf 90' lang='lat' dir='ltr'>delectu,</span> <span class='ocrx_word' id='word_1_89' title='bbox 719 1663 898 1745; x_wconf 85' lang='lat' dir='ltr'>suscipiat,</span> <span class='ocrx_word' id='word_1_90' title='bbox 919 1683 981 1728; x_wconf 93' lang='lat' dir='ltr'>nec</span> <span class='ocrx_word' id='word_1_91' title='bbox 1006 1665 1064 1728; x_wconf 91' lang='lat' dir='ltr'>de·</span> 
     </span>
     <span class='ocr_line' id='line_1_14' title="bbox 118 1761 1063 1844; baseline 0.003 -20"><span class='ocrx_word' id='word_1_92' title='bbox 118 1768 219 1824; x_wconf 91' lang='lat' dir='ltr'>erunt</span> <span class='ocrx_word' id='word_1_93' title='bbox 233 1762 293 1842; x_wconf 91' lang='lat' dir='ltr'>qui</span> <span class='ocrx_word' id='word_1_94' title='bbox 321 1761 420 1827; x_wconf 90' lang='lat' dir='ltr'>sedes</span> <span class='ocrx_word' id='word_1_95' title='bbox 439 1768 576 1825; x_wconf 86' lang='lat' dir='ltr'>nostras</span> <span class='ocrx_word' id='word_1_96' title='bbox 598 1769 808 1844; x_wconf 84' lang='lat' dir='ltr'>occupantes</span> <span class='ocrx_word' id='word_1_97' title='bbox 834 1770 869 1826; x_wconf 88' lang='lat' dir='ltr'>et</span> <span class='ocrx_word' id='word_1_98' title='bbox 890 1763 1063 1827; x_wconf 82' lang='lat' dir='ltr'>cathedris</span> 
     </span>
     <span class='ocr_line' id='line_1_15' title="bbox 117 1860 1063 1943; baseline 0.004 -21"><span class='ocrx_word' id='word_1_99' title='bbox 117 1861 246 1923; x_wconf 90' lang='lat' dir='ltr'>nostris</span> <span class='ocrx_word' id='word_1_100' title='bbox 289 1861 476 1924; x_wconf 86' lang='lat' dir='ltr'>insidentes</span> <span class='ocrx_word' id='word_1_101' title='bbox 512 1861 579 1943; x_wconf 90' lang='lat' dir='ltr'>ipsi</span> <span class='ocrx_word' id='word_1_102' title='bbox 613 1867 689 1924; x_wconf 88' lang='lat' dir='ltr'>tota</span> <span class='ocrx_word' id='word_1_103' title='bbox 719 1860 845 1925; x_wconf 89' lang='lat' dir='ltr'>mentis</span> <span class='ocrx_word' id='word_1_104' title='bbox 880 1860 1063 1926; x_wconf 92' lang='lat' dir='ltr'>devotione</span> 
     </span>
     <span class='ocr_line' id='line_1_16' title="bbox 113 1959 1064 2042; baseline 0.001 -19"><span class='ocrx_word' id='word_1_105' title='bbox 113 1959 292 2024; x_wconf 88' lang='lat' dir='ltr'>obediant.</span> <span class='ocrx_word' id='word_1_106' title='bbox 352 1959 435 2023; x_wconf 84' lang='lat' dir='ltr'>Jam</span> <span class='ocrx_word' id='word_1_107' title='bbox 467 1959 568 2023; x_wconf 91' lang='lat' dir='ltr'>multi</span> <span class='ocrx_word' id='word_1_108' title='bbox 597 1961 862 2042; x_wconf 85' lang='lat' dir='ltr'>prognosticant</span> <span class='ocrx_word' id='word_1_109' title='bbox 893 1960 937 2023; x_wconf 91' lang='lat' dir='ltr'>ad</span> <span class='ocrx_word' id='word_1_110' title='bbox 968 1961 1064 2037; x_wconf 91' lang='lat' dir='ltr'>talia,</span> 
     </span>
     <span class='ocr_line' id='line_1_17' title="bbox 118 2058 1063 2140; baseline -0.001 -17"><span class='ocrx_word' id='word_1_111' title='bbox 118 2065 281 2140; x_wconf 86' lang='lat' dir='ltr'>optantes</span> <span class='ocrx_word' id='word_1_112' title='bbox 303 2066 342 2122; x_wconf 91' lang='lat' dir='ltr'>ut</span> <span class='ocrx_word' id='word_1_113' title='bbox 356 2058 497 2123; x_wconf 89' lang='lat' dir='ltr'>veniant</span> <span class='ocrx_word' id='word_1_114' title='bbox 522 2059 699 2136; x_wconf 88' lang='lat' dir='ltr'>scandala,</span> <span class='ocrx_word' id='word_1_115' title='bbox 722 2066 757 2122; x_wconf 94' lang='lat' dir='ltr'>et</span> <span class='ocrx_word' id='word_1_116' title='bbox 776 2059 908 2122; x_wconf 88' lang='lat' dir='ltr'>directa</span> <span class='ocrx_word' id='word_1_117' title='bbox 929 2079 1063 2140; x_wconf 90' lang='lat' dir='ltr'>ponan-</span> 
     </span>
     <span class='ocr_line' id='line_1_18' title="bbox 118 2156 1064 2240; baseline 0.002 -21"><span class='ocrx_word' id='word_1_118' title='bbox 118 2165 176 2221; x_wconf 93' lang='lat' dir='ltr'>tur</span> <span class='ocrx_word' id='word_1_119' title='bbox 191 2158 227 2219; x_wconf 94' lang='lat' dir='ltr'>in</span> <span class='ocrx_word' id='word_1_120' title='bbox 242 2176 374 2239; x_wconf 83' lang='lat' dir='ltr'>prava3</span> <span class='ocrx_word' id='word_1_121' title='bbox 397 2158 500 2234; x_wconf 92' lang='lat' dir='ltr'>unde,</span> <span class='ocrx_word' id='word_1_122' title='bbox 518 2164 624 2240; x_wconf 88' lang='lat' dir='ltr'>pater.</span> <span class='ocrx_word' id='word_1_123' title='bbox 639 2156 867 2235; x_wconf 89' lang='lat' dir='ltr'>sanctissime,</span> <span class='ocrx_word' id='word_1_124' title='bbox 892 2177 960 2221; x_wconf 92' lang='lat' dir='ltr'>non</span> <span class='ocrx_word' id='word_1_125' title='bbox 983 2178 1064 2240; x_wconf 90' lang='lat' dir='ltr'>pro·</span> 
     </span>
     <span class='ocr_line' id='line_1_19' title="bbox 117 2256 1063 2339; baseline 0.002 -20"><span class='ocrx_word' id='word_1_126' title='bbox 117 2256 195 2339; x_wconf 89' lang='lat' dir='ltr'>pria</span> <span class='ocrx_word' id='word_1_127' title='bbox 224 2257 420 2339; x_wconf 84' lang='lat' dir='ltr'>plangimus</span> <span class='ocrx_word' id='word_1_128' title='bbox 449 2263 511 2319; x_wconf 88' lang='lat' dir='ltr'>aut</span> <span class='ocrx_word' id='word_1_129' title='bbox 533 2257 708 2339; x_wconf 90' lang='lat' dir='ltr'>ploramus</span> <span class='ocrx_word' id='word_1_130' title='bbox 735 2257 962 2334; x_wconf 90' lang='lat' dir='ltr'>incommoda,</span> <span class='ocrx_word' id='word_1_131' title='bbox 991 2258 1063 2335; x_wconf 88' lang='lat' dir='ltr'>sed,</span> 
     </span>
     <span class='ocr_line' id='line_1_20' title="bbox 118 2355 1063 2433; baseline 0.002 -15"><span class='ocrx_word' id='word_1_132' title='bbox 118 2355 184 2419; x_wconf 91' lang='lat' dir='ltr'>nisi</span> <span class='ocrx_word' id='word_1_133' title='bbox 201 2356 256 2419; x_wconf 91' lang='lat' dir='ltr'>his</span> <span class='ocrx_word' id='word_1_134' title='bbox 269 2357 369 2419; x_wconf 91' lang='lat' dir='ltr'>malis</span> <span class='ocrx_word' id='word_1_135' title='bbox 385 2355 530 2420; x_wconf 89' lang='lat' dir='ltr'>celerius</span> <span class='ocrx_word' id='word_1_136' title='bbox 547 2356 749 2433; x_wconf 85' lang='lat' dir='ltr'>occurratis,</span> <span class='ocrx_word' id='word_1_137' title='bbox 767 2357 894 2420; x_wconf 87' lang='lat' dir='ltr'>foedam</span> <span class='ocrx_word' id='word_1_138' title='bbox 909 2356 1063 2420; x_wconf 84' lang='lat' dir='ltr'>ecclesiae</span> 
     </span>
     <span class='ocr_line' id='line_1_21' title="bbox 119 2455 1064 2536; baseline 0.002 -18"><span class='ocrx_word' id='word_1_139' title='bbox 119 2455 186 2519; x_wconf 90' lang='lat' dir='ltr'>Dei</span> <span class='ocrx_word' id='word_1_140' title='bbox 218 2456 476 2519; x_wconf 87' lang='lat' dir='ltr'>subversionem</span> <span class='ocrx_word' id='word_1_141' title='bbox 500 2455 785 2536; x_wconf 86' lang='lat' dir='ltr'>pertimescimus,</span> <span class='ocrx_word' id='word_1_142' title='bbox 813 2475 856 2518; x_wconf 91' lang='lat' dir='ltr'>ne</span> <span class='ocrx_word' id='word_1_143' title='bbox 882 2456 997 2533; x_wconf 90' lang='lat' dir='ltr'>citius,</span> <span class='ocrx_word' id='word_1_144' title='bbox 1020 2458 1064 2520; x_wconf 93' lang='lat' dir='ltr'>ob</span> 
     </span>
     <span class='ocr_line' id='line_1_22' title="bbox 118 2553 1065 2637; baseline 0 -18"><span class='ocrx_word' id='word_1_145' title='bbox 118 2557 199 2620; x_wconf 87' lang='lat' dir='ltr'>vitae</span> <span class='ocrx_word' id='word_1_146' title='bbox 215 2554 368 2630; x_wconf 71' lang='lat' dir='ltr'>taedium,</span> <span class='ocrx_word' id='word_1_147' title='bbox 385 2560 543 2634; x_wconf 91' lang='lat' dir='ltr'>optemus</span> <span class='ocrx_word' id='word_1_148' title='bbox 566 2554 710 2635; x_wconf 89' lang='lat' dir='ltr'>periisse</span> <span class='ocrx_word' id='word_1_149' title='bbox 731 2553 820 2618; x_wconf 90' lang='lat' dir='ltr'>diem</span> <span class='ocrx_word' id='word_1_150' title='bbox 843 2554 879 2616; x_wconf 92' lang='lat' dir='ltr'>in</span> <span class='ocrx_word' id='word_1_151' title='bbox 899 2575 968 2637; x_wconf 92' lang='lat' dir='ltr'>quo</span> <span class='ocrx_word' id='word_1_152' title='bbox 991 2557 1065 2619; x_wconf 89' lang='lat' dir='ltr'>nati</span> 
     </span>
     <span class='ocr_line' id='line_1_23' title="bbox 118 2652 1065 2729; baseline 0.001 -13"><span class='ocrx_word' id='word_1_153' title='bbox 118 2653 263 2717; x_wconf 89' lang='lat' dir='ltr'>sumus.&#39;</span> <span class='ocrx_word' id='word_1_154' title='bbox 315 2652 445 2716; x_wconf 88' lang='lat' dir='ltr'>Eodem</span> <span class='ocrx_word' id='word_1_155' title='bbox 480 2672 571 2716; x_wconf 90' lang='lat' dir='ltr'>anno</span> <span class='ocrx_word' id='word_1_156' title='bbox 602 2652 768 2729; x_wconf 85' lang='lat' dir='ltr'>Thomas,</span> <span class='ocrx_word' id='word_1_157' title='bbox 803 2652 1065 2718; x_wconf 75' lang='lat' dir='ltr'>cantuariensis</span> 
     </span>
     <span class='ocr_line' id='line_1_24' title="bbox 117 2749 1063 2834; baseline 0 -18"><span class='ocrx_word' id='word_1_158' title='bbox 117 2752 409 2834; x_wconf 87' lang='lat' dir='ltr'>archiepiscopus,</span> <span class='ocrx_word' id='word_1_159' title='bbox 426 2749 578 2814; x_wconf 88' lang='lat' dir='ltr'>Alanum</span> <span class='ocrx_word' id='word_1_160' title='bbox 601 2751 643 2815; x_wconf 88' lang='lat' dir='ltr'>de</span> <span class='ocrx_word' id='word_1_161' title='bbox 665 2752 806 2815; x_wconf 89' lang='lat' dir='ltr'>Nevilla</span> <span class='ocrx_word' id='word_1_162' title='bbox 828 2755 1063 2816; x_wconf 86' lang='lat' dir='ltr'>excommuni-</span> 
     </span>
     <span class='ocr_line' id='line_1_25' title="bbox 118 2850 1064 2933; baseline -0.002 -18"><span class='ocrx_word' id='word_1_163' title='bbox 118 2850 223 2926; x_wconf 91' lang='lat' dir='ltr'>cavit,</span> <span class='ocrx_word' id='word_1_164' title='bbox 237 2851 320 2932; x_wconf 91' lang='lat' dir='ltr'>quia</span> <span class='ocrx_word' id='word_1_165' title='bbox 334 2850 547 2914; x_wconf 89' lang='lat' dir='ltr'>Willelmum</span> <span class='ocrx_word' id='word_1_166' title='bbox 567 2851 784 2933; x_wconf 85' lang='lat' dir='ltr'>capellanum</span> <span class='ocrx_word' id='word_1_167' title='bbox 802 2870 902 2915; x_wconf 90' lang='lat' dir='ltr'>suum</span> <span class='ocrx_word' id='word_1_168' title='bbox 917 2852 1064 2915; x_wconf 90' lang='lat' dir='ltr'>vinculis</span> 
     </span>
     <span class='ocr_line' id='line_1_26' title="bbox 118 2947 1064 3031; baseline -0.001 -18"><span class='ocrx_word' id='word_1_169' title='bbox 118 2952 231 3014; x_wconf 91' lang='lat' dir='ltr'>tenuit</span> <span class='ocrx_word' id='word_1_170' title='bbox 245 2951 428 3013; x_wconf 88' lang='lat' dir='ltr'>irretitum.</span> <span class='ocrx_word' id='word_1_171' title='bbox 481 2948 612 3012; x_wconf 91' lang='lat' dir='ltr'>Eodem</span> <span class='ocrx_word' id='word_1_172' title='bbox 634 2950 754 3031; x_wconf 91' lang='lat' dir='ltr'>utique</span> <span class='ocrx_word' id='word_1_173' title='bbox 777 2958 932 3030; x_wconf 87' lang='lat' dir='ltr'>tempore</span> <span class='ocrx_word' id='word_1_174' title='bbox 950 2947 1064 3012; x_wconf 88' lang='lat' dir='ltr'>Cona-</span> 
     </span>
     <span class='ocr_line' id='line_1_27' title="bbox 117 3039 1064 3127; baseline -0.003 -15"><span class='ocrx_word' id='word_1_175' title='bbox 117 3069 195 3127; x_wconf 75' lang='lat' dir='ltr'>nuS,</span> <span class='ocrx_word' id='word_1_176' title='bbox 217 3049 359 3113; x_wconf 89' lang='lat' dir='ltr'>minoris</span> <span class='ocrx_word' id='word_1_177' title='bbox 376 3047 568 3112; x_wconf 88' lang='lat' dir='ltr'>Britanniae</span> <span class='ocrx_word' id='word_1_178' title='bbox 586 3067 715 3124; x_wconf 90' lang='lat' dir='ltr'>comes,</span> <span class='ocrx_word' id='word_1_179' title='bbox 727 3039 808 3110; x_wconf 91' lang='lat' dir='ltr'>dum</span> <span class='ocrx_word' id='word_1_180' title='bbox 830 3047 866 3109; x_wconf 93' lang='lat' dir='ltr'>in</span> <span class='ocrx_word' id='word_1_181' title='bbox 888 3047 962 3110; x_wconf 88' lang='lat' dir='ltr'>fata</span> <span class='ocrx_word' id='word_1_182' title='bbox 982 3066 1064 3110; x_wconf 87' lang='lat' dir='ltr'>con-</span> 
     </span>
     <span class='ocr_line' id='line_1_28' title="bbox 114 3144 1064 3229; baseline 0 -19"><span class='ocrx_word' id='word_1_183' title='bbox 114 3148 267 3224; x_wconf 85' lang='lat' dir='ltr'>cederet,</span> <span class='ocrx_word' id='word_1_184' title='bbox 297 3167 342 3211; x_wconf 88' lang='lat' dir='ltr'>ex</span> <span class='ocrx_word' id='word_1_185' title='bbox 370 3167 488 3211; x_wconf 87' lang='lat' dir='ltr'>sorore</span> <span class='ocrx_word' id='word_1_186' title='bbox 518 3146 610 3229; x_wconf 85' lang='lat' dir='ltr'>regis</span> <span class='ocrx_word' id='word_1_187' title='bbox 636 3146 830 3223; x_wconf 88' lang='lat' dir='ltr'>Scotorum,</span> <span class='ocrx_word' id='word_1_188' title='bbox 858 3144 1064 3210; x_wconf 86' lang='lat' dir='ltr'>Constantia</span> 
     </span>
     <span class='ocr_line' id='line_1_29' title="bbox 119 3244 1065 3328; baseline -0.001 -19"><span class='ocrx_word' id='word_1_189' title='bbox 119 3247 269 3324; x_wconf 91' lang='lat' dir='ltr'>nomine,</span> <span class='ocrx_word' id='word_1_190' title='bbox 286 3247 392 3309; x_wconf 88' lang='lat' dir='ltr'>filiam</span> <span class='ocrx_word' id='word_1_191' title='bbox 414 3246 555 3328; x_wconf 87' lang='lat' dir='ltr'>reliquit</span> <span class='ocrx_word' id='word_1_192' title='bbox 577 3245 759 3322; x_wconf 87' lang='lat' dir='ltr'>haeredem,</span> <span class='ocrx_word' id='word_1_193' title='bbox 782 3264 885 3327; x_wconf 91' lang='lat' dir='ltr'>quam</span> <span class='ocrx_word' id='word_1_194' title='bbox 908 3265 971 3308; x_wconf 86' lang='lat' dir='ltr'>rex</span> <span class='ocrx_word' id='word_1_195' title='bbox 988 3244 1065 3309; x_wconf 88' lang='lat' dir='ltr'>An·</span> 
     </span>
     <span class='ocr_line' id='line_1_30' title="bbox 115 3344 1063 3427; baseline 0 -19"><span class='ocrx_word' id='word_1_196' title='bbox 115 3346 255 3427; x_wconf 81' lang='lat' dir='ltr'>glorum</span> <span class='ocrx_word' id='word_1_197' title='bbox 279 3344 453 3408; x_wconf 85' lang='lat' dir='ltr'>Henricus</span> <span class='ocrx_word' id='word_1_198' title='bbox 469 3344 638 3408; x_wconf 88' lang='lat' dir='ltr'>Gaufrido</span> <span class='ocrx_word' id='word_1_199' title='bbox 660 3345 731 3407; x_wconf 88' lang='lat' dir='ltr'>filio</span> <span class='ocrx_word' id='word_1_200' title='bbox 754 3363 817 3407; x_wconf 92' lang='lat' dir='ltr'>suo</span> <span class='ocrx_word' id='word_1_201' title='bbox 839 3363 981 3406; x_wconf 85' lang='lat' dir='ltr'>uxorem</span> <span class='ocrx_word' id='word_1_202' title='bbox 1006 3363 1063 3408; x_wconf 92' lang='lat' dir='ltr'>ac·</span> 
     </span>
     <span class='ocr_line' id='line_1_31' title="bbox 114 3443 1063 3526; baseline -0.003 -18"><span class='ocrx_word' id='word_1_203' title='bbox 114 3445 250 3526; x_wconf 88' lang='lat' dir='ltr'>cipiens</span> <span class='ocrx_word' id='word_1_204' title='bbox 266 3451 301 3508; x_wconf 91' lang='lat' dir='ltr'>et</span> <span class='ocrx_word' id='word_1_205' title='bbox 316 3445 353 3506; x_wconf 92' lang='lat' dir='ltr'>in</span> <span class='ocrx_word' id='word_1_206' title='bbox 375 3463 461 3525; x_wconf 91' lang='lat' dir='ltr'>pace</span> <span class='ocrx_word' id='word_1_207' title='bbox 484 3443 669 3507; x_wconf 88' lang='lat' dir='ltr'>statuenda</span> <span class='ocrx_word' id='word_1_208' title='bbox 691 3443 820 3524; x_wconf 90' lang='lat' dir='ltr'>passim</span> <span class='ocrx_word' id='word_1_209' title='bbox 843 3462 905 3524; x_wconf 91' lang='lat' dir='ltr'>per</span> <span class='ocrx_word' id='word_1_210' title='bbox 923 3443 1063 3506; x_wconf 86' lang='lat' dir='ltr'>Britan·</span> 
     </span>
     <span class='ocr_line' id='line_1_32' title="bbox 120 3542 1065 3620; baseline -0.002 -13"><span class='ocrx_word' id='word_1_211' title='bbox 120 3545 212 3607; x_wconf 90' lang='lat' dir='ltr'>niam</span> <span class='ocrx_word' id='word_1_212' title='bbox 230 3543 406 3606; x_wconf 87' lang='lat' dir='ltr'>studiosus</span> <span class='ocrx_word' id='word_1_213' title='bbox 417 3543 585 3620; x_wconf 64' lang='lat' dir='ltr'>existens</span> <span class='ocrx_word' id='word_1_214' title='bbox 595 3543 709 3606; x_wconf 88' lang='lat' dir='ltr'>animo</span> <span class='ocrx_word' id='word_1_215' title='bbox 719 3542 847 3606; x_wconf 91' lang='lat' dir='ltr'>clerum</span> <span class='ocrx_word' id='word_1_216' title='bbox 858 3548 958 3604; x_wconf 89' lang='lat' dir='ltr'>terrae</span> <span class='ocrx_word' id='word_1_217' title='bbox 971 3542 1065 3605; x_wconf 88' lang='lat' dir='ltr'>illius</span> 
     </span>
    </p>
   </div>
   <div class='ocr_carea' id='block_1_4' title="bbox 116 3642 642 3724">
    <p class='ocr_par' dir='ltr' id='par_1_4' title="bbox 116 3642 642 3724">
     <span class='ocr_line' id='line_1_33' title="bbox 116 3642 642 3724; baseline -0.006 -17"><span class='ocrx_word' id='word_1_218' title='bbox 116 3644 184 3707; x_wconf 86' lang='lat' dir='ltr'>sihi</span> <span class='ocrx_word' id='word_1_219' title='bbox 199 3642 399 3706; x_wconf 87' lang='lat' dir='ltr'>conciliavit</span> <span class='ocrx_word' id='word_1_220' title='bbox 415 3649 450 3705; x_wconf 87' lang='lat' dir='ltr'>et</span> <span class='ocrx_word' id='word_1_221' title='bbox 465 3642 642 3724; x_wconf 79' lang='lat' dir='ltr'>populum,</span> 
     </span>
    </p>
   </div>
   <div class='ocr_carea' id='block_1_5' title="bbox 168 3814 1012 3978">
    <p class='ocr_par' dir='ltr' id='par_1_5' title="bbox 168 3814 1012 3978">
     <span class='ocr_line' id='line_1_34' title="bbox 168 3814 1012 3899; baseline 0.001 -22"><span class='ocrx_word' id='word_1_222' title='bbox 168 3814 280 3878; x_wconf 80' lang='lat' dir='ltr'>Litero</span> <span class='ocrx_word' id='word_1_223' title='bbox 294 3814 475 3878; x_wconf 76' lang='lat' dir='ltr'>Aleeaadri</span> <span class='ocrx_word' id='word_1_224' title='bbox 485 3835 580 3899; x_wconf 79' lang='lat' dir='ltr'>pupae</span> <span class='ocrx_word' id='word_1_225' title='bbox 595 3815 748 3899; x_wconf 68' lang='lat' dir='ltr'>adrepens</span> <span class='ocrx_word' id='word_1_226' title='bbox 765 3814 939 3878; x_wconf 76' lang='lat' dir='ltr'>Henvicwm</span> <span class='ocrx_word' id='word_1_227' title='bbox 948 3835 1012 3899; x_wconf 84' lang='lat' dir='ltr'>pro</span> 
     </span>
     <span class='ocr_line' id='line_1_35' title="bbox 351 3911 839 3978; baseline -0.004 -1"><span class='ocrx_word' id='word_1_228' title='bbox 351 3914 596 3978; x_wconf 71' lang='lat' dir='ltr'>reconciliatione</span> <span class='ocrx_word' id='word_1_229' title='bbox 612 3911 692 3978; x_wconf 77' lang='lat' dir='ltr'>beuti</span> <span class='ocrx_word' id='word_1_230' title='bbox 710 3913 839 3977; x_wconf 71' lang='lat' dir='ltr'>Thema.</span> 
     </span>
    </p>
   </div>
   <div class='ocr_carea' id='block_1_6' title="bbox 118 4033 1228 4217">
    <p class='ocr_par' dir='ltr' id='par_1_6' title="bbox 118 4033 1228 4217">
     <span class='ocr_line' id='line_1_36' title="bbox 169 4033 1201 4120; baseline 0 -22"><span class='ocrx_word' id='word_1_231' title='bbox 169 4033 273 4098; x_wconf 87' lang='lat' dir='ltr'>Anno</span> <span class='ocrx_word' id='word_1_232' title='bbox 298 4034 438 4099; x_wconf 91' lang='lat' dir='ltr'>Domini</span> <span class='ocrx_word' id='word_1_233' title='bbox 465 4053 624 4100; x_wconf 79' lang='lat' dir='ltr'>ucnx1x.</span> <span class='ocrx_word' id='word_1_234' title='bbox 648 4056 740 4120; x_wconf 91' lang='lat' dir='ltr'>papa</span> <span class='ocrx_word' id='word_1_235' title='bbox 763 4035 966 4101; x_wconf 88' lang='lat' dir='ltr'>Alexander</span> <span class='ocrx_word' id='word_1_236' title='bbox 993 4036 1066 4118; x_wconf 80' lang='lat' dir='ltr'>regi</span> <span class='ocrx_word' id='word_1_237' title='bbox 1080 4061 1201 4100; x_wconf 69' lang='lat' dir='ltr'>narie.</span> 
     </span>
     <span class='ocr_line' id='line_1_37' title="bbox 118 4111 1228 4217; baseline 0.001 -20"><span class='ocrx_word' id='word_1_238' title='bbox 118 4133 314 4216; x_wconf 85' lang='lat' dir='ltr'>Anglorum</span> <span class='ocrx_word' id='word_1_239' title='bbox 349 4155 412 4217; x_wconf 89' lang='lat' dir='ltr'>pro</span> <span class='ocrx_word' id='word_1_240' title='bbox 446 4136 586 4215; x_wconf 85' lang='lat' dir='ltr'>negotio</span> <span class='ocrx_word' id='word_1_241' title='bbox 619 4134 880 4199; x_wconf 86' lang='lat' dir='ltr'>Cantuariensis</span> <span class='ocrx_word' id='word_1_242' title='bbox 912 4137 1065 4201; x_wconf 89' lang='lat' dir='ltr'>ecclesiae</span> <span class='ocrx_word' id='word_1_243' title='bbox 1078 4111 1228 4211; x_wconf 42' lang='lat' dir='ltr'>{idithim</span> 
     </span>
    </p>
   </div>
   <div class='ocr_carea' id='block_1_7' title="bbox 0 0 1418 4882">
    <p class='ocr_par' dir='ltr' id='par_1_7' title="bbox 0 0 1418 4882">
     <span class='ocr_line' id='line_1_38' title="bbox 0 0 1418 4882; baseline 0 0"><span class='ocrx_word' id='word_1_244' title='bbox 0 0 1418 4882; x_wconf 95' lang='lat' dir='ltr'> </span> 
     </span>
    </p>
   </div>
  </div>
 </body>
</html>
