2820 4882
309 379 373 444 190
560 392 695 440 nocem
720 393 767 439 on
791 391 998 440 wnuoovnn

147 571 269 614 annin.
308 551 431 639 consul
448 556 528 631 post
544 568 621 613 eum
639 549 730 612 filius
748 549 824 633 ejus
842 547 1075 611 Baldewinus.
1127 546 1260 610 Eodem

310 670 400 714 anno
432 649 552 726 Sidon,
586 649 709 713 civitas
741 650 778 711 in
809 648 914 710 maris
947 647 1103 728 margine
1131 647 1260 728 posita,

309 750 486 815 obsidetur
504 757 539 814 et
554 748 691 832 capitur
707 768 728 812 a
742 767 824 829 rege
836 746 1059 812 Hierusalem
1076 746 1261 828 magnifico

309 849 521 914 Baldewino.

349 1021 438 1102 Quod
451 1021 595 1087 dissensio
610 1020 713 1084 oritur
727 1020 808 1083 iuter
815 1040 938 1105 popam
953 1028 981 1084 ot
997 1021 1225 1105 imperatorem.

147 1177 269 1216 annia
355 1123 463 1211 ⁴Anno
475 1145 617 1210 Domini
629 1160 750 1208 ucxu.
763 1143 858 1208 sacta
868 1137 1125 1209 est¹contentio
1136 1143 1260 1207 Romae

145 1227 288 1317 ffilssllll,
308 1244 399 1311 inter
420 1265 547 1329 papam
570 1244 776 1309 Paschalem
798 1251 834 1307 et
858 1244 1050 1308 Henricum
1074 1244 1262 1325 imperato-

146 1328 250 1428 133„quss
309 1365 391 1424 rem,
406 1347 472 1409 hac
483 1346 526 1409 de
536 1364 657 1425 causa3
677 1344 873 1427 Imperator
888 1345 941 1407 uti
951 1344 1062 1408 voluit
1077 1342 1261 1425 privilegio

310 1454 565 1510 antecessorum
587 1464 728 1509 suorum
749 1443 868 1507 habito
894 1444 993 1507 annis
1013 1442 1177 1507 trecentis
1194 1445 1260 1506 suh

310 1544 479 1608 Romanis
501 1545 721 1628 pontificibus
747 1543 943 1625 sexaginta,
965 1543 1025 1625 qui
1044 1542 1139 1606 licite
1158 1542 1261 1606 dede-

310 1652 390 1709 rant
421 1645 642 1727 episcopatus
672 1651 708 1708 et
738 1642 897 1706 abbatias
929 1663 992 1725 per
1026 1642 1193 1706 annulum
1225 1650 1261 1706 et

310 1744 472 1809 baculum
489 1744 715 1826 pastoralem3
738 1749 894 1806 econtra
906 1744 1094 1807 censebant
1108 1742 1261 1806 Romani

310 1844 503 1926 pontifices,
525 1864 589 1908 nec
609 1863 711 1927 posse
734 1862 797 1907 nec
814 1843 938 1907 dehere
953 1843 1029 1906 dari
1043 1861 1105 1924 per
1121 1843 1258 1924 virgam

311 1944 366 2009 vel
395 1944 561 2008 annulum
591 1943 842 2026 episcopatum,
864 1942 920 2007 vel
942 1943 1095 2025 aliquam
1118 1942 1261 2005 institu-

310 2044 440 2109 tionem
473 2043 743 2108 ecclesiasticam
771 2061 793 2106 a
818 2061 925 2106 manu
952 2043 1103 2125 recipere
1131 2041 1261 2107 laicali.

312 2144 423 2209 Facta
447 2151 501 2208 est
522 2151 639 2208 autem
661 2162 734 2225 pax
753 2143 845 2206 inter
865 2143 1107 2225 imperatorem
1130 2141 1262 2205 Henri-

310 2264 389 2307 cum
417 2251 453 2308 et
477 2263 604 2327 papam
632 2242 851 2321 Paschalem,
873 2242 924 2306 ita
952 2249 993 2306 ut
1021 2242 1174 2325 episcopi
1202 2242 1262 2306 de-

309 2343 428 2426 inceps
443 2350 479 2406 et
501 2344 645 2407 abbates
660 2341 913 2407 institutionem
935 2343 1108 2424 accipiant
1130 2343 1174 2405 ab
1196 2343 1262 2405 im-

311 2449 469 2524 peratore
503 2449 539 2506 et
570 2443 643 2505 suis
673 2442 929 2506 successorihus
963 2462 1025 2525 per
1057 2437 1194 2523 virgam
1224 2450 1260 2507 et

309 2542 487 2619 annulum,
520 2547 556 2606 et
585 2542 683 2624 prius
712 2541 842 2606 faciant
873 2541 1049 2624 episcopo,
1080 2542 1123 2605 ad
1155 2561 1266 2623 quem·

308 2641 526 2724 pertinuerit,
557 2642 760 2706 canonicam
792 2641 1035 2717 obedientiam,
1070 2648 1106 2705 et
1139 2661 1260 2705 conse·

309 2741 498 2805 orationem
522 2742 697 2825 accipiant
715 2749 940 2806 consuetam:
972 2747 1052 2805 acta
1071 2761 1154 2805 vero
1176 2750 1258 2807 sunt

308 2841 383 2905 haec
408 2848 490 2905 ante
512 2841 623 2906 altare
649 2843 885 2924 apostolorum
913 2840 1012 2906 Petri
1040 2847 1076 2904 et
1094 2840 1198 2904 Pauli
1221 2842 1257 2904 in

309 2941 419 3005 oculis
437 2941 602 3018 omnium,
618 2948 654 3005 et
675 2942 725 3005 sic
745 2960 839 3024 papa
858 2961 983 3023 corpus
1008 2939 1139 3004 Christi
1162 2940 1266 3006 dedit.

308 3041 520 3124 imperatori.
570 3040 667 3105 Obiit
680 3041 801 3105 eodem
816 3059 907 3104 anno
921 3040 1135 3117 Tancredus,
1146 3040 1201 3105 vir
1217 3041 1260 3104 il·

308 3141 428 3205 lustris
445 3148 481 3205 et
497 3143 535 3206 in
549 3142 685 3205 actibus
696 3140 1026 3223 Hierosolymitanis
1040 3140 1259 3222 magnificus,

309 3241 370 3323 qui
383 3241 542 3324 princeps
559 3249 634 3305 erat
642 3240 839 3305 Antiochiae
856 3247 892 3305 et
908 3260 1023 3305 comes
1040 3240 1256 3321 Edessanus3

309 3341 365 3405 cui
381 3342 549 3405 successit
565 3341 727 3423 Rogerus
745 3341 837 3404 filius
854 3339 1034 3418 Richardi,
1049 3340 1258 3419 virnobilis,

309 3459 351 3505 ea
368 3440 576 3518 conditione,
591 3448 641 3518 ut,
658 3440 934 3523 quandocunque
956 3441 1256 3525 Boamundusju-

309 3539 386 3608 nior
411 3538 635 3605 Antiochiam
658 3549 867 3623 reposceret,
888 3541 939 3605 illi
965 3541 1258 3605 siue'contradic·

310 3640 403 3704 tione
416 3641 619 3722 resignaret.

343 3862 491 3914 ¹Contentio
508 3859 616 3932 Ranae]
643 3865 769 3914 Beronius
794 3865 844 3914 and
861 3879 984 3927 emperor,
1003 3865 1088 3914 which
1103 3879 1214 3928 appears
1233 3872 1259 3917 to

307 3935 354 3983 has
373 3934 494 3984 collected
512 3935 555 3984 the
574 3936 769 3985 circumstances
794 3936 858 3985 have
879 3935 958 3983 taken
980 3936 1054 3999 place
1075 3951 1108 3985 ou
1130 3937 1174 3986 the
1198 3939 1257 3987 llth

307 4005 444 4054 connected
454 4003 517 4052 with
533 4004 584 4054 this
600 4010 770 4068 controversy,
794 4005 870 4068 April
882 4008 956 4055 llll.

306 4074 357 4121 and
365 4075 408 4123 the
419 4070 607 4125 reconciliationi
615 4075 644 4125 oi
652 4075 695 4125 the
703 4091 769 4139 pope
