2820 4882
300 397 366 460 188
562 410 695 458 uocem
720 408 767 455 ne
790 409 995 457 wnunovnu

142 589 197 628 nu.
209 589 263 628 1110.
303 585 428 648 corpus
445 565 520 649 ejus
543 564 800 628 sanctissimum
815 565 929 628 fuerat
949 565 1046 646 prius
1060 559 1252 641 inventum,

304 667 394 730 etin
417 684 508 729 novo
528 664 655 728 feretro
674 663 881 728 collocatum
900 685 908 743 3
944 664 1037 728 facta
1057 672 1110 727 cst
1135 672 1252 728 autem

304 765 379 829 baec
393 764 576 828 translatio
591 765 626 826 in
645 764 700 827 die
715 764 886 845 passionis
906 764 1059 848 ejusdem
1077 765 1253 848 martyriS,

304 865 436 933 decimo
468 863 637 927 kalendas
681 863 905 945 Septembris.
980 863 1110 927 Eodem
1146 865 1251 927 etiam

305 984 396 1028 anno
412 971 554 1028 sanctus
573 962 746 1026 Godricus
769 963 860 1045 apud
880 962 1046 1026 Fincbalc
1059 965 1168 1027 vitam
1191 963 1252 1027 he-

302 1065 501 1128 remeticam
527 1062 716 1139 inchoavit,
743 1081 847 1144 quam
877 1082 939 1144 per
967 1081 1075 1126 annos
1104 1063 1253 1144 quadra-

305 1165 403 1246 ginta
426 1163 646 1226 laudabiliter
668 1161 857 1243 complens,
872 1181 976 1225 carne
993 1163 1133 1225 taudem
1157 1163 1251 1226 solu-

305 1271 374 1340 tus,
387 1263 463 1326 caeli
481 1261 649 1344 palatium
664 1261 876 1337 conscendit,
890 1262 1110 1325 aeternalibus
1126 1261 1253 1325 delitiis

305 1362 431 1426 ibidem
454 1362 622 1424 fruiturus
643 1380 721 1424 cum
739 1361 881 1424 sanctis.
933 1360 1014 1424 Hoc
1035 1361 1140 1424 ctiam
1162 1380 1253 1424 anno

307 1470 442 1526 cometa
457 1461 618 1543 apparuit
635 1479 729 1522 more
753 1460 904 1536 insolito,
920 1479 1012 1536 nam,
1028 1480 1106 1523 cum
1124 1461 1168 1523 ab
1185 1461 1253 1525 ori-

306 1568 385 1629 ‚ente
413 1579 559 1642 surgens
585 1561 621 1622 in
646 1559 897 1621 firmamentum
932 1560 1156 1637 ascendisset,
1183 1580 1251 1624 uon

306 1661 479 1744 progredi,
511 1659 571 1723 sed
599 1658 733 1739 regredi
758 1658 951 1722 videbatur.
1003 1659 1134 1722 Eodem
1171 1681 1253 1725 vero

306 1768 460 1842 tempore
489 1779 552 1822 rex
583 1757 815 1821 Hierusalem·
835 1757 1056 1822 Baldewinus
1084 1759 1254 1837 Beritum,

306 1860 482 1938 civitatem
501 1857 677 1920 Phoenicis
693 1857 842 1939 regionis
859 1858 1080 1935 maritimam,
1095 1865 1255 1940 potenter

303 1959 529 2042 ¹subjugatam
559 1955 739 2020 catholicae
765 1957 917 2020 restituit
939 1958 1088 2037 unitati3
1119 1966 1173 2022 est
1196 1977 1254 2022 au-

304 2067 376 2128 tem
392 2060 460 2140 sita
474 2059 564 2122 inter
581 2056 721 2119 Biblum
737 2063 772 2119 et
790 2056 952 2120 Sidonem
970 2057 1140 2121 civitates

309 2231 398 2311 Quod
416 2252 470 2294 raa
484 2231 641 2295 Heorlous
656 2240 772 2294 terrum
787 2232 905 2296 comitis
919 2232 1150 2318 Aodapocausis
1162 2233 1258 2317 praei

577 2330 809 2415 doropulotlooa
826 2332 981 2395 contrivit.

358 2455 461 2518 Anno
483 2455 624 2518 Domini
648 2472 754 2519 ucxr.
779 2475 842 2518 rex
864 2454 1058 2537 Anglorum
1080 2454 1257 2519 Henricus

307 2573 454 2636 pergens
476 2555 512 2616 in
536 2553 787 2617 Normanniam
812 2561 934 2618 contra
956 2557 1116 2619 comitem
1139 2554 1256 2619 Ande-

307 2673 507 2736 gavensem,
520 2653 578 2736 qui
592 2652 863 2717 Cenomanuiam
875 2656 920 2718 ab
930 2674 971 2718 eo
982 2657 1122 2718 tenebat
1133 2655 1257 2731 invito,

307 2773 425 2818 werrae
446 2754 541 2834 leges
557 2761 679 2816 contra
701 2774 778 2817 eum
802 2753 892 2818 ferro
915 2755 1017 2817 simul
1040 2761 1074 2817 et
1097 2754 1264 2818 incendio.

306 2860 507 2916 constanter
526 2854 694 2930 exercuit,
711 2855 893 2936 ipsumque
916 2861 951 2918 et
968 2862 1094 2918 terram
1111 2854 1187 2938 ejus
1204 2861 1255 2917 to·

306 2959 377 3016 tam
395 2952 495 3033 gravi
512 2952 779 3035 depopulatione
796 2953 968 3018 contrivit.

308 3194 310 3198 .
334 3131 384 3194 Da
398 3139 507 3194 scorto
521 3128 762 3193 Frctdesuultdu
776 3138 804 3192 et
818 3128 883 3212 ejus
896 3128 1231 3213 acolesiaefuodotiooa.

94 3297 96 3300 >
146 3269 264 3359 pgrffior
344 3253 474 3317 Eodem
486 3248 839 3336 tempore¹R0gerus,
849 3254 1113 3317 sarisberiensis
1124 3253 1257 3336 cpisco-

147 3347 218 3410 wire
237 3331 270 3360 ‘⁸'
307 3373 385 3435 pus,
399 3354 493 3417 dedit
509 3354 623 3417 locum
641 3354 677 3416 iu
694 3353 846 3429 Oxonia,
862 3353 898 3416 in
915 3373 984 3435 quo
1002 3373 1127 3435 corpus
1144 3354 1255 3417 beatae

309 3452 570 3517 Fretheswithae
580 3453 726 3534 virginis
735 3453 932 3535 requiescit,
943 3454 1078 3517 cuidam
1091 3453 1258 3517 canonico

308 3553 446 3615 nomine
462 3552 664 3629 Wimundo,
687 3553 760 3634 qui,
782 3552 911 3615 multos
929 3553 976 3616 ibi
994 3553 1179 3616 canonicos
1205 3573 1258 3616 re-

307 3651 476 3732 gulariter
507 3651 664 3715 viventes
695 3652 841 3733 Deoque
872 3651 1079 3716 famulantes
1105 3652 1257 3716 devotis-

308 3751 392 3814 sime
414 3751 612 3826 instituenS,
629 3770 734 3833 super
749 3751 829 3814 illos
847 3752 940 3814 vices
963 3751 1107 3832 gerebat
1121 3751 1255 3833 prioris.
1295 3809 1299 3816 .

310 3851 439 3916 Fuerat
467 3858 583 3916 autem
610 3851 804 3932 antiquitus
830 3870 893 3932 pro
919 3852 1113 3915 reverentia
1145 3852 1256 3914 beatae

307 3951 452 4030 virginis
474 3951 794 4015 sanctimonialibus
812 3950 1013 4032 deputatuS,
1038 3970 1115 4032 quae
1130 3950 1257 4033 Sponsi

306 4113 341 4234 P¹
352 4098 668 4235 lttpfgerupbrp'urisberieoair
675 4120 820 4183 episcopus]
831 4119 956 4182 Compare
966 4121 1136 4181 Malmsbury,
1144 4119 1176 4170 de
1184 4121 1260 4172 Gest.

330 4201 382 4234 0111
395 4221 401 4235 .
413 4201 439 4246 p.
501 4221 508 4238 .
1255 4213 1261 4239 r
