<?xml version="1.0" encoding="UTF-8"?>
<!DOCTYPE html PUBLIC "-//W3C//DTD XHTML 1.0 Transitional//EN"
    "http://www.w3.org/TR/xhtml1/DTD/xhtml1-transitional.dtd">
<html xmlns="http://www.w3.org/1999/xhtml" xml:lang="en" lang="en">
 <head>
  <title>
</title>
<meta http-equiv="Content-Type" content="text/html;charset=utf-8" />
  <meta name='ocr-system' content='tesseract 3.04.00' />
  <meta name='ocr-capabilities' content='ocr_page ocr_carea ocr_par ocr_line ocrx_word'/>
</head>
<body>
  <div class='ocr_page' id='page_1' title='image "./rogeridewendove01rogegoog_0406.png"; bbox 0 0 2820 4882; ppageno 0'>
   <div class='ocr_carea' id='block_1_1' title="bbox 401 411 1095 477">
    <p class='ocr_par' dir='ltr' id='par_1_1' title="bbox 401 411 1095 477">
     <span class='ocr_line' id='line_1_1' title="bbox 401 411 1095 477; baseline 0.01 -7"><span class='ocrx_word' id='word_1_1' title='bbox 401 423 540 472; x_wconf 77' lang='lat' dir='ltr'><strong>mouns</strong></span> <span class='ocrx_word' id='word_1_2' title='bbox 563 411 1095 477; x_wconf 65' lang='lat' dir='ltr'><strong>cremonenses</strong></span> 
     </span>
    </p>
   </div>
   <div class='ocr_carea' id='block_1_2' title="bbox 139 571 1256 3065">
    <p class='ocr_par' dir='ltr' id='par_1_2' title="bbox 139 571 1249 3065">
     <span class='ocr_line' id='line_1_2' title="bbox 139 571 1229 665; baseline -0.005 -19"><span class='ocrx_word' id='word_1_3' title='bbox 139 581 358 646; x_wconf 85' lang='lat' dir='ltr'><strong>conventus&#39;</strong></span> <span class='ocrx_word' id='word_1_4' title='bbox 347 601 385 644; x_wconf 88' lang='grc' dir='ltr'><strong>ιιι</strong></span> <span class='ocrx_word' id='word_1_5' title='bbox 398 580 500 647; x_wconf 84' lang='lat' dir='ltr'><strong>fletus</strong></span> <span class='ocrx_word' id='word_1_6' title='bbox 516 590 551 647; x_wconf 88' lang='lat' dir='ltr'><strong>et</strong></span> <span class='ocrx_word' id='word_1_7' title='bbox 566 583 717 665; x_wconf 88' lang='lat' dir='ltr'><strong>suspiria</strong></span> <span class='ocrx_word' id='word_1_8' title='bbox 733 584 991 662; x_wconf 84' lang='lat' dir='ltr'><strong>commovisset,</strong></span> <span class='ocrx_word' id='word_1_9' title='bbox 1011 585 1093 649; x_wconf 90' lang='lat' dir='ltr'><strong>hea-</strong></span> <span class='ocrx_word' id='word_1_10' title='bbox 1106 571 1163 644; x_wconf 75' lang='lat' dir='ltr'><strong>an</strong></span> <span class='ocrx_word' id='word_1_11' title='bbox 1173 603 1229 643; x_wconf 77' lang='lat' dir='ltr'><strong>nra</strong></span> 
     </span>
     <span class='ocr_line' id='line_1_3' title="bbox 140 655 1256 768; baseline -0.001 -22"><span class='ocrx_word' id='word_1_12' title='bbox 140 689 216 746; x_wconf 90' lang='lat' dir='ltr'><strong>tum</strong></span> <span class='ocrx_word' id='word_1_13' title='bbox 242 678 488 764; x_wconf 83' lang='lat' dir='ltr'><strong>Amphibalum</strong></span> <span class='ocrx_word' id='word_1_14' title='bbox 512 702 591 746; x_wconf 93' lang='lat' dir='ltr'><strong>cum</strong></span> <span class='ocrx_word' id='word_1_15' title='bbox 616 683 729 747; x_wconf 89' lang='lat' dir='ltr'><strong>tribus</strong></span> <span class='ocrx_word' id='word_1_16' title='bbox 752 684 856 748; x_wconf 89' lang='lat' dir='ltr'><strong>sociis</strong></span> <span class='ocrx_word' id='word_1_17' title='bbox 879 685 953 748; x_wconf 86' lang='lat' dir='ltr'><strong>suis</strong></span> <span class='ocrx_word' id='word_1_18' title='bbox 979 706 1095 768; x_wconf 90' lang='lat' dir='ltr'><strong>repcr-</strong></span> <span class='ocrx_word' id='word_1_19' title='bbox 1079 655 1256 756; x_wconf 39' lang='lat' dir='ltr'><strong>hiddi.</strong></span> 
     </span>
     <span class='ocr_line' id='line_1_4' title="bbox 140 782 1093 868; baseline 0.006 -24"><span class='ocrx_word' id='word_1_20' title='bbox 140 787 229 858; x_wconf 89' lang='lat' dir='ltr'><strong>tum,</strong></span> <span class='ocrx_word' id='word_1_21' title='bbox 257 800 442 845; x_wconf 90' lang='lat' dir='ltr'><strong>accurrens</strong></span> <span class='ocrx_word' id='word_1_22' title='bbox 473 782 600 864; x_wconf 86' lang='lat' dir='ltr'><strong>aliquis</strong></span> <span class='ocrx_word' id='word_1_23' title='bbox 627 783 813 849; x_wconf 89' lang='lat' dir='ltr'><strong>nuntiavit.</strong></span> <span class='ocrx_word' id='word_1_24' title='bbox 865 783 960 862; x_wconf 85' lang='lat' dir='ltr'>Quid</span> <span class='ocrx_word' id='word_1_25' title='bbox 982 788 1093 868; x_wconf 79' lang='lat' dir='ltr'><strong>ergol</strong></span> 
     </span>
     <span class='ocr_line' id='line_1_5' title="bbox 140 880 1095 963; baseline 0.006 -19"><span class='ocrx_word' id='word_1_26' title='bbox 140 880 300 963; x_wconf 87' lang='lat' dir='ltr'><strong>Suspiria</strong></span> <span class='ocrx_word' id='word_1_27' title='bbox 314 882 519 946; x_wconf 90' lang='lat' dir='ltr'><strong>mutantur</strong></span> <span class='ocrx_word' id='word_1_28' title='bbox 508 901 546 946; x_wconf 89' lang='lat' dir='ltr'><strong>m</strong></span> <span class='ocrx_word' id='word_1_29' title='bbox 558 882 692 960; x_wconf 86' lang='lat' dir='ltr'><strong>laudes,</strong></span> <span class='ocrx_word' id='word_1_30' title='bbox 706 891 742 947; x_wconf 87' lang='lat' dir='ltr'><strong>et</strong></span> <span class='ocrx_word' id='word_1_31' title='bbox 758 884 910 948; x_wconf 87' lang='lat' dir='ltr'><strong>tristitiae</strong></span> <span class='ocrx_word' id='word_1_32' title='bbox 926 886 1095 951; x_wconf 87' lang='lat' dir='ltr'><strong>successit</strong></span> 
     </span>
     <span class='ocr_line' id='line_1_6' title="bbox 140 979 1096 1066; baseline 0.006 -23"><span class='ocrx_word' id='word_1_33' title='bbox 140 979 275 1044; x_wconf 88' lang='lat' dir='ltr'><strong>laetitiae</strong></span> <span class='ocrx_word' id='word_1_34' title='bbox 291 980 507 1064; x_wconf 81' lang='lat' dir='ltr'><strong>magnitudo.</strong></span> <span class='ocrx_word' id='word_1_35' title='bbox 559 982 762 1065; x_wconf 82' lang='lat' dir='ltr'><strong>Exsurgens</strong></span> <span class='ocrx_word' id='word_1_36' title='bbox 776 1002 799 1047; x_wconf 89' lang='lat' dir='ltr'><strong>a</strong></span> <span class='ocrx_word' id='word_1_37' title='bbox 815 1003 935 1048; x_wconf 87' lang='lat' dir='ltr'><strong>mensa</strong></span> <span class='ocrx_word' id='word_1_38' title='bbox 951 1005 1096 1066; x_wconf 80' lang='lat' dir='ltr'><strong>congre·</strong></span> 
     </span>
     <span class='ocr_line' id='line_1_7' title="bbox 142 1080 1093 1165; baseline 0.003 -21"><span class='ocrx_word' id='word_1_39' title='bbox 142 1081 240 1164; x_wconf 81' lang='lat' dir='ltr'><strong>gatio</strong></span> <span class='ocrx_word' id='word_1_40' title='bbox 249 1081 293 1144; x_wconf 90' lang='lat' dir='ltr'><strong>ad</strong></span> <span class='ocrx_word' id='word_1_41' title='bbox 305 1082 485 1146; x_wconf 85' lang='lat' dir='ltr'><strong>ecclesiam</strong></span> <span class='ocrx_word' id='word_1_42' title='bbox 495 1080 700 1147; x_wconf 88' lang='lat' dir='ltr'><strong>festinanter</strong></span> <span class='ocrx_word' id='word_1_43' title='bbox 711 1083 878 1165; x_wconf 88' lang='lat' dir='ltr'><strong>procedit,</strong></span> <span class='ocrx_word' id='word_1_44' title='bbox 890 1092 925 1148; x_wconf 88' lang='lat' dir='ltr'><strong>et</strong></span> <span class='ocrx_word' id='word_1_45' title='bbox 935 1085 1093 1149; x_wconf 88' lang='lat' dir='ltr'><strong>laetitiam</strong></span> 
     </span>
     <span class='ocr_line' id='line_1_8' title="bbox 140 1180 1093 1267; baseline 0.004 -23"><span class='ocrx_word' id='word_1_46' title='bbox 140 1180 245 1244; x_wconf 87' lang='lat' dir='ltr'><strong>corde</strong></span> <span class='ocrx_word' id='word_1_47' title='bbox 273 1189 477 1265; x_wconf 74' lang='lat' dir='ltr'><strong>conceptam</strong></span> <span class='ocrx_word' id='word_1_48' title='bbox 502 1180 648 1246; x_wconf 88' lang='lat' dir='ltr'><strong>elevatis</strong></span> <span class='ocrx_word' id='word_1_49' title='bbox 676 1183 837 1248; x_wconf 86' lang='lat' dir='ltr'><strong>laudibus</strong></span> <span class='ocrx_word' id='word_1_50' title='bbox 866 1192 1093 1267; x_wconf 90' lang='lat' dir='ltr'><strong>protestatur.</strong></span> 
     </span>
     <span class='ocr_line' id='line_1_9' title="bbox 143 1279 1094 1367; baseline 0.005 -24"><span class='ocrx_word' id='word_1_51' title='bbox 143 1279 315 1344; x_wconf 87' lang='lat' dir='ltr'><strong>Inventus</strong></span> <span class='ocrx_word' id='word_1_52' title='bbox 341 1288 394 1345; x_wconf 88' lang='lat' dir='ltr'><strong>est</strong></span> <span class='ocrx_word' id='word_1_53' title='bbox 417 1289 534 1346; x_wconf 87' lang='lat' dir='ltr'><strong>antem</strong></span> <span class='ocrx_word' id='word_1_54' title='bbox 556 1282 680 1346; x_wconf 89' lang='lat' dir='ltr'><strong>beatus</strong></span> <span class='ocrx_word' id='word_1_55' title='bbox 706 1289 841 1366; x_wconf 81' lang='lat' dir='ltr'><strong>martyr</strong></span> <span class='ocrx_word' id='word_1_56' title='bbox 861 1281 1094 1367; x_wconf 89' lang='lat' dir='ltr'><strong>Amphihalus</strong></span> 
     </span>
     <span class='ocr_line' id='line_1_10' title="bbox 141 1379 1093 1462; baseline 0.006 -20"><span class='ocrx_word' id='word_1_57' title='bbox 141 1380 234 1443; x_wconf 88' lang='lat' dir='ltr'><strong>iuter</strong></span> <span class='ocrx_word' id='word_1_58' title='bbox 250 1379 338 1445; x_wconf 89' lang='lat' dir='ltr'><strong>dnos</strong></span> <span class='ocrx_word' id='word_1_59' title='bbox 354 1381 467 1445; x_wconf 86' lang='lat' dir='ltr'><strong>socios</strong></span> <span class='ocrx_word' id='word_1_60' title='bbox 485 1380 618 1445; x_wconf 88' lang='lat' dir='ltr'><strong>medius</strong></span> <span class='ocrx_word' id='word_1_61' title='bbox 636 1389 673 1445; x_wconf 90' lang='lat' dir='ltr'><strong>et</strong></span> <span class='ocrx_word' id='word_1_62' title='bbox 688 1382 897 1447; x_wconf 84' lang='lat' dir='ltr'><strong>collateralis</strong></span> <span class='ocrx_word' id='word_1_63' title='bbox 914 1385 1093 1462; x_wconf 89' lang='lat' dir='ltr'><strong>ambobus,</strong></span> 
     </span>
     <span class='ocr_line' id='line_1_11' title="bbox 141 1480 1093 1567; baseline 0.005 -24"><span class='ocrx_word' id='word_1_64' title='bbox 141 1480 246 1545; x_wconf 89' lang='lat' dir='ltr'><strong>tertio</strong></span> <span class='ocrx_word' id='word_1_65' title='bbox 272 1481 368 1546; x_wconf 89' lang='lat' dir='ltr'><strong>socio</strong></span> <span class='ocrx_word' id='word_1_66' title='bbox 392 1482 493 1565; x_wconf 89' lang='lat' dir='ltr'><strong>quasi</strong></span> <span class='ocrx_word' id='word_1_67' title='bbox 516 1500 561 1545; x_wconf 85' lang='lat' dir='ltr'><strong>ex</strong></span> <span class='ocrx_word' id='word_1_68' title='bbox 585 1489 784 1546; x_wconf 89' lang='lat' dir='ltr'><strong>transverso</strong></span> <span class='ocrx_word' id='word_1_69' title='bbox 808 1489 844 1548; x_wconf 90' lang='lat' dir='ltr'><strong>et</strong></span> <span class='ocrx_word' id='word_1_70' title='bbox 866 1484 910 1547; x_wconf 95' lang='lat' dir='ltr'><strong>ab</strong></span> <span class='ocrx_word' id='word_1_71' title='bbox 933 1484 1093 1567; x_wconf 91' lang='lat' dir='ltr'><strong>opposito</strong></span> 
     </span>
     <span class='ocr_line' id='line_1_12' title="bbox 140 1580 1093 1664; baseline 0.006 -21"><span class='ocrx_word' id='word_1_72' title='bbox 140 1580 255 1646; x_wconf 89' lang='lat' dir='ltr'><strong>locum</strong></span> <span class='ocrx_word' id='word_1_73' title='bbox 272 1581 465 1646; x_wconf 90' lang='lat' dir='ltr'><strong>solitarium</strong></span> <span class='ocrx_word' id='word_1_74' title='bbox 483 1589 687 1664; x_wconf 83' lang='lat' dir='ltr'><strong>occupante.</strong></span> <span class='ocrx_word' id='word_1_75' title='bbox 736 1582 875 1647; x_wconf 89' lang='lat' dir='ltr'><strong>Inventi</strong></span> <span class='ocrx_word' id='word_1_76' title='bbox 892 1593 975 1649; x_wconf 91' lang='lat' dir='ltr'><strong>sunt</strong></span> <span class='ocrx_word' id='word_1_77' title='bbox 989 1585 1093 1648; x_wconf 84' lang='lat' dir='ltr'><strong>etiam</strong></span> 
     </span>
     <span class='ocr_line' id='line_1_13' title="bbox 140 1680 1094 1767; baseline 0.006 -24"><span class='ocrx_word' id='word_1_78' title='bbox 140 1700 249 1763; x_wconf 89' lang='lat' dir='ltr'><strong>prope</strong></span> <span class='ocrx_word' id='word_1_79' title='bbox 261 1680 376 1766; x_wconf 90' lang='lat' dir='ltr'><strong>locum</strong></span> <span class='ocrx_word' id='word_1_80' title='bbox 391 1682 490 1746; x_wconf 91' lang='lat' dir='ltr'><strong>illum</strong></span> <span class='ocrx_word' id='word_1_81' title='bbox 499 1700 641 1746; x_wconf 90' lang='lat' dir='ltr'><strong>numero</strong></span> <span class='ocrx_word' id='word_1_82' title='bbox 651 1701 714 1745; x_wconf 86' lang='lat' dir='ltr'><strong>sex</strong></span> <span class='ocrx_word' id='word_1_83' title='bbox 725 1702 769 1746; x_wconf 87' lang='lat' dir='ltr'><strong>ex</strong></span> <span class='ocrx_word' id='word_1_84' title='bbox 782 1682 885 1747; x_wconf 87' lang='lat' dir='ltr'><strong>sociis</strong></span> <span class='ocrx_word' id='word_1_85' title='bbox 902 1692 1094 1767; x_wconf 90' lang='lat' dir='ltr'><strong>martyrum</strong></span> 
     </span>
     <span class='ocr_line' id='line_1_14' title="bbox 140 1780 1093 1866; baseline 0.004 -22"><span class='ocrx_word' id='word_1_86' title='bbox 140 1780 399 1863; x_wconf 86' lang='lat' dir='ltr'><strong>praedictornm,</strong></span> <span class='ocrx_word' id='word_1_87' title='bbox 423 1783 475 1846; x_wconf 90' lang='lat' dir='ltr'><strong>ita</strong></span> <span class='ocrx_word' id='word_1_88' title='bbox 496 1781 588 1864; x_wconf 94' lang='lat' dir='ltr'><strong>quod</strong></span> <span class='ocrx_word' id='word_1_89' title='bbox 610 1783 733 1847; x_wconf 88' lang='lat' dir='ltr'><strong>beatus</strong></span> <span class='ocrx_word' id='word_1_90' title='bbox 755 1790 888 1866; x_wconf 85' lang='lat' dir='ltr'><strong>martyr</strong></span> <span class='ocrx_word' id='word_1_91' title='bbox 901 1782 1093 1866; x_wconf 87' lang='lat' dir='ltr'><strong>Amphiha·</strong></span> 
     </span>
     <span class='ocr_line' id='line_1_15' title="bbox 141 1881 1093 1964; baseline 0.005 -20"><span class='ocrx_word' id='word_1_92' title='bbox 141 1881 197 1944; x_wconf 89' lang='lat' dir='ltr'><strong>lus</strong></span> <span class='ocrx_word' id='word_1_93' title='bbox 216 1881 370 1944; x_wconf 93' lang='lat' dir='ltr'><strong>decimus</strong></span> <span class='ocrx_word' id='word_1_94' title='bbox 392 1882 593 1946; x_wconf 88' lang='lat' dir='ltr'><strong>habebatur.</strong></span> <span class='ocrx_word' id='word_1_95' title='bbox 646 1882 746 1947; x_wconf 91' lang='lat' dir='ltr'><strong>Inter</strong></span> <span class='ocrx_word' id='word_1_96' title='bbox 766 1883 929 1964; x_wconf 85' lang='lat' dir='ltr'><strong>reliquias</strong></span> <span class='ocrx_word' id='word_1_97' title='bbox 951 1882 1093 1948; x_wconf 82' lang='lat' dir='ltr'><strong>athletae</strong></span> 
     </span>
     <span class='ocr_line' id='line_1_16' title="bbox 143 1979 1093 2070; baseline 0.004 -26"><span class='ocrx_word' id='word_1_98' title='bbox 143 1980 273 2045; x_wconf 85' lang='lat' dir='ltr'><strong>Christi</strong></span> <span class='ocrx_word' id='word_1_99' title='bbox 302 1979 504 2064; x_wconf 90' lang='lat' dir='ltr'><strong>Amphihali</strong></span> <span class='ocrx_word' id='word_1_100' title='bbox 534 1981 666 2046; x_wconf 89' lang='lat' dir='ltr'><strong>cultelli</strong></span> <span class='ocrx_word' id='word_1_101' title='bbox 691 1983 767 2070; x_wconf 91' lang='lat' dir='ltr'><strong>duo</strong></span> <span class='ocrx_word' id='word_1_102' title='bbox 804 1983 923 2065; x_wconf 83' lang='lat' dir='ltr'><strong>magni</strong></span> <span class='ocrx_word' id='word_1_103' title='bbox 959 1982 1093 2048; x_wconf 86' lang='lat' dir='ltr'><strong>inventi</strong></span> 
     </span>
     <span class='ocr_line' id='line_1_17' title="bbox 142 2080 1092 2165; baseline 0.004 -22"><span class='ocrx_word' id='word_1_104' title='bbox 142 2080 295 2159; x_wconf 81' lang='lat' dir='ltr'><strong>fuerunt,</strong></span> <span class='ocrx_word' id='word_1_105' title='bbox 310 2101 401 2145; x_wconf 87' lang='lat' dir='ltr'><strong>unus</strong></span> <span class='ocrx_word' id='word_1_106' title='bbox 422 2082 460 2145; x_wconf 91' lang='lat' dir='ltr'><strong>iu</strong></span> <span class='ocrx_word' id='word_1_107' title='bbox 480 2088 572 2146; x_wconf 87' lang='lat' dir='ltr'><strong>testa</strong></span> <span class='ocrx_word' id='word_1_108' title='bbox 589 2082 714 2164; x_wconf 90' lang='lat' dir='ltr'><strong>capitis</strong></span> <span class='ocrx_word' id='word_1_109' title='bbox 729 2090 765 2147; x_wconf 91' lang='lat' dir='ltr'><strong>et</strong></span> <span class='ocrx_word' id='word_1_110' title='bbox 780 2082 869 2146; x_wconf 89' lang='lat' dir='ltr'><strong>alter</strong></span> <span class='ocrx_word' id='word_1_111' title='bbox 890 2082 982 2146; x_wconf 90' lang='lat' dir='ltr'><strong>circa</strong></span> <span class='ocrx_word' id='word_1_112' title='bbox 1004 2102 1092 2165; x_wconf 88' lang='lat' dir='ltr'><strong>prae·</strong></span> 
     </span>
     <span class='ocr_line' id='line_1_18' title="bbox 142 2176 1093 2267; baseline 0.001 -23"><span class='ocrx_word' id='word_1_113' title='bbox 142 2180 272 2257; x_wconf 87' lang='lat' dir='ltr'><strong>cordia,</strong></span> <span class='ocrx_word' id='word_1_114' title='bbox 288 2189 327 2245; x_wconf 89' lang='lat' dir='ltr'><strong>ut</strong></span> <span class='ocrx_word' id='word_1_115' title='bbox 350 2200 469 2246; x_wconf 86' lang='lat' dir='ltr'><strong>verum</strong></span> <span class='ocrx_word' id='word_1_116' title='bbox 490 2200 566 2245; x_wconf 86' lang='lat' dir='ltr'><strong>esse</strong></span> <span class='ocrx_word' id='word_1_117' title='bbox 587 2181 765 2247; x_wconf 88' lang='lat' dir='ltr'><strong>insinuent</strong></span> <span class='ocrx_word' id='word_1_118' title='bbox 786 2181 880 2267; x_wconf 93' lang='lat' dir='ltr'><strong>quod</strong></span> <span class='ocrx_word' id='word_1_119' title='bbox 901 2183 938 2245; x_wconf 91' lang='lat' dir='ltr'><strong>in</strong></span> <span class='ocrx_word' id='word_1_120' title='bbox 960 2176 1093 2247; x_wconf 90' lang='lat' dir='ltr'><strong>llibello</strong></span> 
     </span>
     <span class='ocr_line' id='line_1_19' title="bbox 141 2281 1093 2366; baseline 0 -21"><span class='ocrx_word' id='word_1_121' title='bbox 141 2281 314 2363; x_wconf 88' lang='lat' dir='ltr'><strong>passionis</strong></span> <span class='ocrx_word' id='word_1_122' title='bbox 336 2281 568 2365; x_wconf 72' lang='lat' dir='ltr'><strong>ejus,scripto</strong></span> <span class='ocrx_word' id='word_1_123' title='bbox 593 2282 747 2364; x_wconf 88' lang='lat' dir='ltr'><strong>antiquis</strong></span> <span class='ocrx_word' id='word_1_124' title='bbox 774 2282 987 2366; x_wconf 89' lang='lat' dir='ltr'><strong>temporibus</strong></span> <span class='ocrx_word' id='word_1_125' title='bbox 1009 2301 1093 2345; x_wconf 93' lang='lat' dir='ltr'><strong>con·</strong></span> 
     </span>
     <span class='ocr_line' id='line_1_20' title="bbox 141 2380 1091 2465; baseline 0.001 -21"><span class='ocrx_word' id='word_1_126' title='bbox 141 2380 281 2445; x_wconf 91' lang='lat' dir='ltr'><strong>tinetur.</strong></span> <span class='ocrx_word' id='word_1_127' title='bbox 334 2381 386 2446; x_wconf 90' lang='lat' dir='ltr'><strong>Ut</strong></span> <span class='ocrx_word' id='word_1_128' title='bbox 407 2383 498 2445; x_wconf 92' lang='lat' dir='ltr'><strong>enim</strong></span> <span class='ocrx_word' id='word_1_129' title='bbox 520 2381 626 2446; x_wconf 89' lang='lat' dir='ltr'><strong>hahet</strong></span> <span class='ocrx_word' id='word_1_130' title='bbox 649 2382 822 2465; x_wconf 85' lang='lat' dir='ltr'><strong>passionis</strong></span> <span class='ocrx_word' id='word_1_131' title='bbox 844 2382 938 2446; x_wconf 90' lang='lat' dir='ltr'><strong>illius</strong></span> <span class='ocrx_word' id='word_1_132' title='bbox 960 2389 1091 2459; x_wconf 87' lang='lat' dir='ltr'><strong>textus,</strong></span> 
     </span>
     <span class='ocr_line' id='line_1_21' title="bbox 143 2466 1092 2566; baseline 0.002 -22"><span class='ocrx_word' id='word_1_133' title='bbox 143 2466 203 2545; x_wconf 90' lang='lat' dir='ltr'><strong>alii</strong></span> <span class='ocrx_word' id='word_1_134' title='bbox 225 2482 461 2545; x_wconf 90' lang='lat' dir='ltr'><strong>occubuerunt</strong></span> <span class='ocrx_word' id='word_1_135' title='bbox 478 2481 604 2564; x_wconf 81' lang='lat' dir='ltr'><strong>gladiis</strong></span> <span class='ocrx_word' id='word_1_136' title='bbox 620 2482 723 2562; x_wconf 79' lang='lat' dir='ltr'><strong>caesi3</strong></span> <span class='ocrx_word' id='word_1_137' title='bbox 746 2483 822 2566; x_wconf 90' lang='lat' dir='ltr'><strong>ipse</strong></span> <span class='ocrx_word' id='word_1_138' title='bbox 837 2502 933 2560; x_wconf 88' lang='lat' dir='ltr'><strong>vero,</strong></span> <span class='ocrx_word' id='word_1_139' title='bbox 950 2483 1092 2547; x_wconf 83' lang='lat' dir='ltr'><strong>visceri·</strong></span> 
     </span>
     <span class='ocr_line' id='line_1_22' title="bbox 141 2581 1092 2666; baseline 0.003 -22"><span class='ocrx_word' id='word_1_140' title='bbox 141 2582 207 2644; x_wconf 91' lang='lat' dir='ltr'><strong>hus</strong></span> <span class='ocrx_word' id='word_1_141' title='bbox 222 2582 334 2664; x_wconf 92' lang='lat' dir='ltr'><strong>primo</strong></span> <span class='ocrx_word' id='word_1_142' title='bbox 350 2581 535 2664; x_wconf 81' lang='lat' dir='ltr'><strong>patefactis</strong></span> <span class='ocrx_word' id='word_1_143' title='bbox 553 2589 588 2645; x_wconf 92' lang='lat' dir='ltr'><strong>et</strong></span> <span class='ocrx_word' id='word_1_144' title='bbox 609 2582 783 2646; x_wconf 88' lang='lat' dir='ltr'><strong>intestinis</strong></span> <span class='ocrx_word' id='word_1_145' title='bbox 803 2582 936 2666; x_wconf 64' lang='lat' dir='ltr'><strong>ejectis</strong></span> <span class='ocrx_word' id='word_1_146' title='bbox 955 2591 992 2647; x_wconf 90' lang='lat' dir='ltr'><strong>et</strong></span> <span class='ocrx_word' id='word_1_147' title='bbox 1011 2588 1092 2666; x_wconf 91' lang='lat' dir='ltr'><strong>post</strong></span> 
     </span>
     <span class='ocr_line' id='line_1_23' title="bbox 142 2680 1091 2760; baseline 0.003 -16"><span class='ocrx_word' id='word_1_148' title='bbox 142 2681 273 2745; x_wconf 89' lang='lat' dir='ltr'><strong>lanceis</strong></span> <span class='ocrx_word' id='word_1_149' title='bbox 300 2681 482 2746; x_wconf 82' lang='lat' dir='ltr'><strong>confossus</strong></span> <span class='ocrx_word' id='word_1_150' title='bbox 509 2687 545 2746; x_wconf 91' lang='lat' dir='ltr'><strong>et</strong></span> <span class='ocrx_word' id='word_1_151' title='bbox 573 2680 735 2760; x_wconf 88' lang='lat' dir='ltr'><strong>cultellis,</strong></span> <span class='ocrx_word' id='word_1_152' title='bbox 763 2683 924 2747; x_wconf 91' lang='lat' dir='ltr'><strong>occubuit</strong></span> <span class='ocrx_word' id='word_1_153' title='bbox 951 2683 1091 2748; x_wconf 88' lang='lat' dir='ltr'><strong>tandem</strong></span> 
     </span>
     <span class='ocr_line' id='line_1_24' title="bbox 141 2781 1091 2865; baseline 0.004 -22"><span class='ocrx_word' id='word_1_154' title='bbox 141 2781 315 2864; x_wconf 91' lang='lat' dir='ltr'><strong>lapidibus</strong></span> <span class='ocrx_word' id='word_1_155' title='bbox 346 2789 614 2865; x_wconf 88' lang='lat' dir='ltr'><strong>conquassatus,</strong></span> <span class='ocrx_word' id='word_1_156' title='bbox 650 2783 742 2846; x_wconf 90' lang='lat' dir='ltr'><strong>unde</strong></span> <span class='ocrx_word' id='word_1_157' title='bbox 782 2784 915 2847; x_wconf 91' lang='lat' dir='ltr'><strong>nullum</strong></span> <span class='ocrx_word' id='word_1_158' title='bbox 944 2783 1016 2847; x_wconf 86' lang='lat' dir='ltr'><strong>fere</strong></span> <span class='ocrx_word' id='word_1_159' title='bbox 1046 2803 1091 2848; x_wconf 87' lang='lat' dir='ltr'><strong>ex</strong></span> 
     </span>
     <span class='ocr_line' id='line_1_25' title="bbox 143 2882 1092 2966; baseline 0 -20"><span class='ocrx_word' id='word_1_160' title='bbox 143 2883 280 2946; x_wconf 90' lang='lat' dir='ltr'><strong>ossibus</strong></span> <span class='ocrx_word' id='word_1_161' title='bbox 304 2882 380 2966; x_wconf 90' lang='lat' dir='ltr'><strong>ejus</strong></span> <span class='ocrx_word' id='word_1_162' title='bbox 402 2883 573 2965; x_wconf 84' lang='lat' dir='ltr'><strong>integrum</strong></span> <span class='ocrx_word' id='word_1_163' title='bbox 596 2884 799 2965; x_wconf 88' lang='lat' dir='ltr'><strong>apparebat,</strong></span> <span class='ocrx_word' id='word_1_164' title='bbox 817 2903 895 2947; x_wconf 90' lang='lat' dir='ltr'><strong>cum</strong></span> <span class='ocrx_word' id='word_1_165' title='bbox 920 2885 1092 2949; x_wconf 89' lang='lat' dir='ltr'><strong>sociorum</strong></span> 
     </span>
     <span class='ocr_line' id='line_1_26' title="bbox 142 2981 875 3065; baseline 0.003 -21"><span class='ocrx_word' id='word_1_166' title='bbox 142 2982 260 3065; x_wconf 88' lang='lat' dir='ltr'><strong>ipsius&#39;</strong></span> <span class='ocrx_word' id='word_1_167' title='bbox 268 3001 349 3047; x_wconf 90' lang='lat' dir='ltr'><strong>ossa</strong></span> <span class='ocrx_word' id='word_1_168' title='bbox 365 2981 476 3046; x_wconf 87' lang='lat' dir='ltr'><strong>illaesa</strong></span> <span class='ocrx_word' id='word_1_169' title='bbox 491 2983 630 3065; x_wconf 89' lang='lat' dir='ltr'><strong>penitus</strong></span> <span class='ocrx_word' id='word_1_170' title='bbox 646 2983 875 3047; x_wconf 87' lang='lat' dir='ltr'><strong>exstitissent.</strong></span> 
     </span>
    </p>
   </div>
   <div class='ocr_carea' id='block_1_3' title="bbox 144 3152 1092 3321">
    <p class='ocr_par' dir='ltr' id='par_1_3' title="bbox 144 3152 1092 3321">
     <span class='ocr_line' id='line_1_27' title="bbox 144 3152 1092 3242; baseline -0.001 -20"><span class='ocrx_word' id='word_1_171' title='bbox 144 3155 236 3231; x_wconf 73' lang='lat' dir='ltr'><strong>Quod</strong></span> <span class='ocrx_word' id='word_1_172' title='bbox 244 3156 383 3242; x_wconf 69' lang='lat' dir='ltr'><strong>reliquie</strong></span> <span class='ocrx_word' id='word_1_173' title='bbox 391 3152 682 3241; x_wconf 70' lang='lat' dir='ltr'><strong>sandiAmptitoli</strong></span> <span class='ocrx_word' id='word_1_174' title='bbox 692 3154 782 3240; x_wconf 80' lang='lat' dir='ltr'><strong>opud</strong></span> <span class='ocrx_word' id='word_1_175' title='bbox 788 3153 1092 3221; x_wconf 70' lang='lat' dir='ltr'><strong>samtomstbooon</strong></span> 
     </span>
     <span class='ocr_line' id='line_1_28' title="bbox 490 3254 746 3321; baseline -0.008 0"><span class='ocrx_word' id='word_1_176' title='bbox 490 3264 562 3321; x_wconf 76' lang='lat' dir='ltr'><strong>saal</strong></span> <span class='ocrx_word' id='word_1_177' title='bbox 577 3254 746 3319; x_wconf 65' lang='lat' dir='ltr'><strong>tractato.</strong></span> 
     </span>
    </p>
   </div>
   <div class='ocr_carea' id='block_1_4' title="bbox 141 3379 1093 4066">
    <p class='ocr_par' dir='ltr' id='par_1_4' title="bbox 141 3379 1093 4066">
     <span class='ocr_line' id='line_1_29' title="bbox 192 3379 1091 3460; baseline -0.003 -14"><span class='ocrx_word' id='word_1_178' title='bbox 192 3380 314 3446; x_wconf 90' lang='lat' dir='ltr'><strong>Abbas</strong></span> <span class='ocrx_word' id='word_1_179' title='bbox 337 3389 466 3460; x_wconf 90' lang='lat' dir='ltr'><strong>antem,</strong></span> <span class='ocrx_word' id='word_1_180' title='bbox 483 3389 524 3446; x_wconf 91' lang='lat' dir='ltr'><strong>ut</strong></span> <span class='ocrx_word' id='word_1_181' title='bbox 546 3381 708 3459; x_wconf 78' lang='lat' dir='ltr'><strong>diximuS,</strong></span> <span class='ocrx_word' id='word_1_182' title='bbox 726 3380 845 3445; x_wconf 91' lang='lat' dir='ltr'><strong>audito</strong></span> <span class='ocrx_word' id='word_1_183' title='bbox 863 3380 985 3444; x_wconf 90' lang='lat' dir='ltr'><strong>nuntio</strong></span> <span class='ocrx_word' id='word_1_184' title='bbox 1001 3379 1091 3443; x_wconf 91' lang='lat' dir='ltr'><strong>desi·</strong></span> 
     </span>
     <span class='ocr_line' id='line_1_30' title="bbox 142 3479 1093 3567; baseline -0.002 -22"><span class='ocrx_word' id='word_1_185' title='bbox 142 3481 276 3561; x_wconf 86' lang='lat' dir='ltr'><strong>dorato,</strong></span> <span class='ocrx_word' id='word_1_186' title='bbox 293 3482 459 3567; x_wconf 88' lang='lat' dir='ltr'><strong>adjuncto</strong></span> <span class='ocrx_word' id='word_1_187' title='bbox 475 3481 542 3546; x_wconf 93' lang='lat' dir='ltr'><strong>sibi</strong></span> <span class='ocrx_word' id='word_1_188' title='bbox 557 3481 671 3564; x_wconf 86' lang='lat' dir='ltr'><strong>priore</strong></span> <span class='ocrx_word' id='word_1_189' title='bbox 695 3481 805 3564; x_wconf 93' lang='lat' dir='ltr'><strong>[cum]</strong></span> <span class='ocrx_word' id='word_1_190' title='bbox 829 3480 963 3563; x_wconf 87' lang='lat' dir='ltr'><strong>aliquot</strong></span> <span class='ocrx_word' id='word_1_191' title='bbox 976 3479 1093 3544; x_wconf 85' lang='lat' dir='ltr'><strong>fratri-</strong></span> 
     </span>
     <span class='ocr_line' id='line_1_31' title="bbox 141 3580 1091 3662; baseline -0.003 -16"><span class='ocrx_word' id='word_1_192' title='bbox 141 3583 207 3646; x_wconf 89' lang='lat' dir='ltr'><strong>bus</strong></span> <span class='ocrx_word' id='word_1_193' title='bbox 223 3583 265 3646; x_wconf 93' lang='lat' dir='ltr'><strong>de</strong></span> <span class='ocrx_word' id='word_1_194' title='bbox 280 3590 466 3660; x_wconf 89' lang='lat' dir='ltr'><strong>conventu,</strong></span> <span class='ocrx_word' id='word_1_195' title='bbox 488 3589 687 3646; x_wconf 89' lang='lat' dir='ltr'><strong>sanctorum</strong></span> <span class='ocrx_word' id='word_1_196' title='bbox 705 3582 862 3645; x_wconf 89' lang='lat' dir='ltr'><strong>celeriter</strong></span> <span class='ocrx_word' id='word_1_197' title='bbox 876 3580 962 3644; x_wconf 88' lang='lat' dir='ltr'><strong>adiit</strong></span> <span class='ocrx_word' id='word_1_198' title='bbox 976 3580 1091 3662; x_wconf 88' lang='lat' dir='ltr'><strong>sepul·</strong></span> 
     </span>
     <span class='ocr_line' id='line_1_32' title="bbox 143 3680 1092 3767; baseline -0.003 -21"><span class='ocrx_word' id='word_1_199' title='bbox 143 3690 253 3760; x_wconf 87' lang='lat' dir='ltr'><strong>toras,</strong></span> <span class='ocrx_word' id='word_1_200' title='bbox 278 3690 314 3746; x_wconf 90' lang='lat' dir='ltr'><strong>et</strong></span> <span class='ocrx_word' id='word_1_201' title='bbox 340 3683 483 3747; x_wconf 88' lang='lat' dir='ltr'><strong>effossas</strong></span> <span class='ocrx_word' id='word_1_202' title='bbox 506 3682 671 3767; x_wconf 89' lang='lat' dir='ltr'><strong>reliquias</strong></span> <span class='ocrx_word' id='word_1_203' title='bbox 697 3682 833 3765; x_wconf 84' lang='lat' dir='ltr'><strong>erigens</strong></span> <span class='ocrx_word' id='word_1_204' title='bbox 855 3681 892 3744; x_wconf 91' lang='lat' dir='ltr'><strong>in</strong></span> <span class='ocrx_word' id='word_1_205' title='bbox 917 3680 1092 3744; x_wconf 91' lang='lat' dir='ltr'><strong>linteami-</strong></span> 
     </span>
     <span class='ocr_line' id='line_1_33' title="bbox 143 3782 1090 3864; baseline -0.002 -19"><span class='ocrx_word' id='word_1_206' title='bbox 143 3782 244 3847; x_wconf 92' lang='lat' dir='ltr'><strong>nibus</strong></span> <span class='ocrx_word' id='word_1_207' title='bbox 265 3783 400 3847; x_wconf 89' lang='lat' dir='ltr'><strong>idoneis</strong></span> <span class='ocrx_word' id='word_1_208' title='bbox 419 3782 625 3863; x_wconf 85' lang='lat' dir='ltr'><strong>collocavit3</strong></span> <span class='ocrx_word' id='word_1_209' title='bbox 652 3790 877 3864; x_wconf 91' lang='lat' dir='ltr'><strong>metuensque</strong></span> <span class='ocrx_word' id='word_1_210' title='bbox 893 3799 1000 3863; x_wconf 88' lang='lat' dir='ltr'><strong>snpra</strong></span> <span class='ocrx_word' id='word_1_211' title='bbox 1016 3799 1090 3843; x_wconf 91' lang='lat' dir='ltr'><strong>mo-</strong></span> 
     </span>
     <span class='ocr_line' id='line_1_34' title="bbox 142 3881 1092 3967; baseline -0.002 -22"><span class='ocrx_word' id='word_1_212' title='bbox 142 3882 224 3946; x_wconf 91' lang='lat' dir='ltr'><strong>dum</strong></span> <span class='ocrx_word' id='word_1_213' title='bbox 245 3882 402 3947; x_wconf 77' lang='lat' dir='ltr'><strong>fraudem</strong></span> <span class='ocrx_word' id='word_1_214' title='bbox 428 3882 539 3967; x_wconf 90' lang='lat' dir='ltr'><strong>plebis</strong></span> <span class='ocrx_word' id='word_1_215' title='bbox 559 3890 594 3947; x_wconf 92' lang='lat' dir='ltr'><strong>et</strong></span> <span class='ocrx_word' id='word_1_216' title='bbox 611 3883 682 3946; x_wconf 89' lang='lat' dir='ltr'><strong>vim</strong></span> <span class='ocrx_word' id='word_1_217' title='bbox 704 3884 815 3947; x_wconf 86' lang='lat' dir='ltr'><strong>turhae</strong></span> <span class='ocrx_word' id='word_1_218' title='bbox 837 3881 988 3963; x_wconf 90' lang='lat' dir='ltr'><strong>undique</strong></span> <span class='ocrx_word' id='word_1_219' title='bbox 1010 3898 1092 3944; x_wconf 92' lang='lat' dir='ltr'><strong>cou-</strong></span> 
     </span>
     <span class='ocr_line' id='line_1_35' title="bbox 143 3980 1093 4066; baseline 0 -22"><span class='ocrx_word' id='word_1_220' title='bbox 143 3981 294 4060; x_wconf 85' lang='lat' dir='ltr'><strong>fluentis,</strong></span> <span class='ocrx_word' id='word_1_221' title='bbox 325 4004 430 4066; x_wconf 90' lang='lat' dir='ltr'><strong>quam</strong></span> <span class='ocrx_word' id='word_1_222' title='bbox 455 4003 477 4048; x_wconf 93' lang='lat' dir='ltr'><strong>a</strong></span> <span class='ocrx_word' id='word_1_223' title='bbox 501 3983 756 4065; x_wconf 90' lang='lat' dir='ltr'><strong>compressione</strong></span> <span class='ocrx_word' id='word_1_224' title='bbox 780 3981 913 4046; x_wconf 90' lang='lat' dir='ltr'><strong>inventi</strong></span> <span class='ocrx_word' id='word_1_225' title='bbox 939 3980 1093 4045; x_wconf 89' lang='lat' dir='ltr'><strong>thesauri</strong></span> 
     </span>
    </p>
   </div>
   <div class='ocr_carea' id='block_1_5' title="bbox 135 4159 1094 4297">
    <p class='ocr_par' dir='ltr' id='par_1_5' title="bbox 135 4159 1094 4297">
     <span class='ocr_line' id='line_1_36' title="bbox 179 4159 1094 4242; baseline -0.002 -29.969"><span class='ocrx_word' id='word_1_226' title='bbox 179 4159 296 4214; x_wconf 81' lang='lat' dir='ltr'><strong>¹Libello.</strong></span> <span class='ocrx_word' id='word_1_227' title='bbox 308 4163 320 4227; x_wconf 88' lang='lat'><strong>]</strong></span> <span class='ocrx_word' id='word_1_228' title='bbox 345 4165 421 4212; x_wconf 87' lang='lat' dir='ltr'><strong>Paris</strong></span> <span class='ocrx_word' id='word_1_229' title='bbox 440 4163 515 4222; x_wconf 81' lang='lat' dir='ltr'><strong>adds,</strong></span> <span class='ocrx_word' id='word_1_230' title='bbox 533 4162 589 4212; x_wconf 88' lang='lat' dir='ltr'><strong>that</strong></span> <span class='ocrx_word' id='word_1_231' title='bbox 607 4163 657 4213; x_wconf 86' lang='lat' dir='ltr'><strong>this</strong></span> <span class='ocrx_word' id='word_1_232' title='bbox 674 4163 772 4212; x_wconf 85' lang='lat' dir='ltr'><strong>volume</strong></span> <span class='ocrx_word' id='word_1_233' title='bbox 784 4175 839 4211; x_wconf 87' lang='lat' dir='ltr'><strong>was</strong></span> <span class='ocrx_word' id='word_1_234' title='bbox 855 4159 1015 4242; x_wconf 82' lang='lat' dir='ltr'><strong>preserved</strong></span> <span class='ocrx_word' id='word_1_235' title='bbox 1007 4175 1034 4210; x_wconf 87' lang='grc' dir='ltr'><strong>ιιι</strong></span> <span class='ocrx_word' id='word_1_236' title='bbox 1050 4160 1094 4210; x_wconf 85' lang='lat' dir='ltr'><strong>the</strong></span> 
     </span>
     <span class='ocr_line' id='line_1_37' title="bbox 135 4228 532 4297; baseline -0.003 -13"><span class='ocrx_word' id='word_1_237' title='bbox 135 4232 237 4297; x_wconf 86' lang='lat' dir='ltr'><strong>library</strong></span> <span class='ocrx_word' id='word_1_238' title='bbox 248 4234 278 4284; x_wconf 80' lang='lat' dir='ltr'><strong>of</strong></span> <span class='ocrx_word' id='word_1_239' title='bbox 285 4234 312 4286; x_wconf 87' lang='lat' dir='ltr'><strong>S.</strong></span> <span class='ocrx_word' id='word_1_240' title='bbox 325 4228 430 4285; x_wconf 85' lang='lat' dir='ltr'><strong>Alban&#39;s</strong></span> <span class='ocrx_word' id='word_1_241' title='bbox 441 4234 532 4294; x_wconf 86' lang='lat' dir='ltr'><strong>abbey.</strong></span> 
     </span>
    </p>
   </div>
   <div class='ocr_carea' id='block_1_6' title="bbox 0 0 1416 4882">
    <p class='ocr_par' dir='ltr' id='par_1_6' title="bbox 0 0 1416 4882">
     <span class='ocr_line' id='line_1_38' title="bbox 0 0 1416 4882; baseline 0 0"><span class='ocrx_word' id='word_1_242' title='bbox 0 0 1416 4882; x_wconf 95' lang='lat' dir='ltr'><strong> </strong></span> 
     </span>
    </p>
   </div>
  </div>
 </body>
</html>
