2820 4882
390 415 456 484 332
644 429 780 518 accam
804 432 851 478 nn
875 431 1082 479 wennovnn

227 605 351 694 343318169·
374 612 501 674 ⁴neque
518 592 695 654 dominum
719 610 847 672 papam
870 609 982 671 neque
1005 609 1068 653 nos
1090 589 1126 653 in
1150 592 1256 654 verbo
1283 611 1342 655 sa-

228 705 339 794 orpocpet
389 691 472 755 lutis
495 698 621 755 vestrae
639 690 798 754 voluistis
820 689 950 767 audire,
974 689 1035 751 sed
1058 689 1241 754 obduratio
1264 710 1343 754 ves-

226 764 253 793 ⁸¹¹
277 761 297 795 ⁰¹
315 766 356 796 ω’
389 798 445 854 tra
476 810 612 871 semper
638 790 675 852 in
703 789 874 852 deteriora
898 789 1065 865 excrevit,
1093 807 1168 866 roe,
1194 797 1342 870 urgente

389 889 596 953 necessitate
611 887 714 952 officii
731 895 766 952 et
783 888 918 952 ratione
936 886 1027 970 juris
1045 888 1080 950 id
1095 889 1340 969 persuadente,

388 1007 434 1051 ex
454 989 562 1072 justis
583 995 619 1052 et
644 987 838 1050 manifestis
860 987 974 1050 causis
1000 986 1232 1051 anathematis
1259 1007 1340 1050 sen-

387 1088 500 1151 tentia
516 1087 754 1169 percellentes,
771 1086 1157 1162 excommunicavimus,
1172 1094 1208 1151 et
1222 1105 1245 1150 a
1262 1106 1340 1150 cor-

387 1206 470 1267 pore
493 1185 635 1263 Christi,
659 1185 751 1267 quod
776 1192 829 1248 est
855 1185 1012 1259 ecclesia,
1036 1185 1145 1248 donec
1165 1185 1340 1266 condigne

372 1285 623 1361 satisfaciatis
647 1283 928 1366 amputavimus;
951 1283 1169 1365 praecipimus
1183 1300 1277 1364 'ergo
1299 1286 1337 1347 in

386 1385 516 1451 virtute
538 1384 742 1447 obedientiae
765 1393 800 1446 et
820 1383 857 1445 in
879 1382 1033 1464 periculo
1062 1383 1197 1459 salutis,
1220 1382 1337 1464 digni-

386 1483 470 1546 tatis
493 1491 528 1546 et
548 1483 692 1560 ordinis,
713 1489 898 1564 quatenns,
921 1489 1025 1563 prout
1047 1481 1201 1545 ecclesiae
1224 1482 1338 1547 forma

385 1582 590 1662 praescrihit,
604 1582 649 1645 ab
666 1582 818 1644 omnium
836 1580 1075 1644 communione
1088 1581 1240 1644 fidelium
1258 1583 1336 1645 ahs-

385 1681 538 1757 tineatis,
563 1701 606 1744 ne
624 1687 742 1745 vestra
765 1679 986 1762 participatio
1010 1679 1230 1743 Dominicum
1255 1701 1336 1762 gre-

386 1799 463 1859 gem
486 1780 697 1843 contaminet
718 1779 762 1842 ad
787 1778 934 1856 ruinam,
957 1778 1016 1859 qui
1036 1786 1155 1841 vestra
1177 1778 1337 1844 doctrina

384 1879 591 1941 erudiendus
614 1886 650 1943 et
673 1878 841 1959 exemplis
864 1875 1102 1940 reformandus
1125 1884 1200 1940 erat
1222 1879 1266 1941 ad
1283 1881 1335 1941 vi-

384 1978 480 2041 tam.’
537 1977 730 2059 Episcopus
753 1996 835 2066 vero
860 1975 1122 2053 Londoniensis,
1150 1977 1231 2041 licet
1253 1986 1336 2060 post

384 2077 653 2160 appellationem
684 2075 857 2139 sententia
884 2076 920 2138 in
952 2075 1064 2156 ipsum
1095 2075 1170 2140 lata
1196 2075 1335 2154 fuisset,

382 2176 584 2241 mandatum
610 2174 859 2256 archiepiscopi
885 2174 1061 2237 humiliter
1084 2175 1259 2256 perferens
1289 2179 1335 2240 ab

382 2262 541 2356 ingressu
552 2274 705 2338 ecclesiis
716 2273 884 2336 abstinuit
897 2273 1085 2355 patienter;
1103 2274 1334 2356 archiepisco-

381 2393 448 2455 pus
470 2394 552 2438 vero
573 2373 704 2437 decano
726 2379 761 2436 et
783 2373 876 2435 clero
898 2371 1150 2437 Londoniensis
1176 2374 1332 2437 ecelesiae

381 2472 501 2536 literas
528 2472 680 2552 dirigens
706 2473 872 2553 praecepit
897 2473 934 2534 in
961 2472 1089 2535 virtute
1115 2473 1334 2550 obedientiae,

381 2578 464 2635 uta
491 2571 729 2636 communione
754 2571 808 2633 sui
837 2570 990 2651 episcopi
1019 2570 1158 2651 penitus
1180 2572 1333 2636 abstine-

381 2676 469 2734 rent.
522 2670 653 2736 Eodem
676 2688 768 2733 anno
788 2667 945 2745 Alienor,
968 2668 1040 2732 filia
1066 2668 1332 2752 regis'Angliae,

382 2771 500 2851 nupsit
515 2767 719 2845 Aldefonso‚
737 2768 811 2848 regi
829 2766 1005 2832 Castellae.

378 2942 493 3005 Literae
511 2943 591 3028 repis
607 2942 653 3008 od
672 2941 868 3019 Gilebertum,
883 2942 1056 3028 episcopum
1073 2912 1326 3010 Leodamantem.

216 3082 338 3171 rhehkprh
430 3066 499 3130 Per
520 3067 610 3130 idem
633 3073 782 3148 tempus,
797 3085 875 3129 cum
895 3086 1012 3129 rumor
1032 3067 1075 3129 de
1096 3070 1332 3132 excommuni-

214 3135 365 3221 iiio‘nr'oh,⁰¹’
378 3167 515 3229 catione
527 3165 709 3242 Gileberti,
720 3163 972 3228 Londoniensis
989 3165 1153 3248 episcopi,
1169 3166 1213 3228 ad
1228 3187 1331 3232 aures

378 3265 469 3345 regis
492 3263 698 3345 Anglorum,
721 3263 839 3326 eodem
857 3266 1019 3346 episcopo
1043 3258 1109 3328 lilli
1130 3265 1330 3345 significan-

377 3370 423 3438 te,
440 3364 665 3445 pervenisset,
683 3362 821 3443 scripsit
837 3362 869 3425 ei
888 3362 1008 3426 literas
1025 3363 1276 3428 consolatorias
1294 3366 1330 3428 in

377 3461 451 3524 haec
465 3463 589 3541 verba;
607 3456 635 3495 ²‘
645 3460 774 3525 Audivi
789 3479 991 3540 gravamen,
1002 3460 1093 3542 quod
1105 3461 1165 3525 ille
1175 3461 1330 3528 Thomas

376 3561 532 3641 proditor
556 3568 592 3625 et
621 3559 839 3624 adversarius
859 3579 957 3623 meus
978 3560 1096 3625 intulit
1117 3561 1152 3623 in
1177 3568 1213 3625 te
1234 3569 1270 3626 et
1292 3564 1328 3626 in

377 3658 464 3722 alias
486 3677 652 3741 personas
674 3659 772 3738 regni
791 3659 871 3736 mei,
889 3659 980 3740 quod
1004 3679 1074 3722 non
1095 3660 1210 3722 minus
1233 3680 1328 3741 aegre

409 3882 472 3934 lIlli
493 3882 688 3948 significante]
721 3882 764 3931 He
785 3879 836 3929 had
861 3880 891 3930 of
912 3881 1024 3938 Bechet3
1046 3882 1090 3931 lib.
1108 3883 1146 3932 iii.
1167 3897 1209 3942 ep.
1229 3883 1293 3932 xlvi.

374 3956 474 4004 written
491 3959 516 4003 to
538 3954 581 4002 the
603 3954 666 4014 king
684 3957 710 4000 to
728 3966 774 4000 use
796 3951 836 4000 his
897 3947 1007 3999 ”Audivi
1016 3951 1168 4013 gracorum]
1185 3951 1257 4000 Inter
1267 3966 1327 4013 epp.

374 4026 496 4072 influence
513 4023 577 4071 with
599 4022 641 4070 the
665 4035 730 4083 pope
750 4022 777 4068 in
795 4019 836 4068 his
861 4020 907 4069 lih.
925 4020 962 4070 iii.
985 4034 1026 4080 ep.
1050 4020 1133 4082 xlvii,
1152 4019 1239 4069 where
1261 4022 1282 4068 it
1304 4023 1327 4069 is

374 4085 468 4155 hehali,
476 4093 531 4141 that
541 4091 573 4141 he
585 4091 666 4152 might
676 4092 707 4140 he
719 4088 798 4138 heard
809 4091 835 4138 in
861 4088 938 4137 dated
960 4089 1052 4149 ‘apud
1074 4089 1100 4140 S.
1127 4089 1272 4139 Macarium
1300 4091 1326 4138 iu

374 4161 414 4210 his
429 4163 521 4224 eppeal
539 4163 641 4222 against
657 4161 699 4210 the
718 4165 834 4209 sentence
860 4153 1023 4209 Guaseonia.'
