2820 4882
338 394 403 463 340
595 412 730 460 aoonni
754 412 802 458 nn
825 411 1032 460 wnnnovnn

365 648 456 724 Quod
465 668 607 734 proceres
622 647 804 711 Britannice
818 647 961 711 Hanrico
977 646 1042 732 rapi
1058 657 1086 712 et
1103 644 1263 730 Gousra'do

563 746 638 830 filio
654 769 706 811 sao
715 746 900 830 fidelitatem
906 747 1062 831 secarunt.

181 891 241 982 331⁸>li
242 888 332 989 ylgpm
393 871 499 936 Anno
520 871 662 935 Domini
681 887 826 935 Mcnxx.
850 891 913 935 rex
934 870 1130 953 Anglorum
1149 862 1298 933 ¹Henri·

182 992 287 1050 onena
343 991 404 1036 cus
427 973 464 1042 in
490 970 611 1034 Natali
634 970 747 1035 tenuit
771 972 903 1035 curiam
930 990 1029 1035 suam
1056 971 1148 1053 apud
1175 972 1296 1035 urbem

181 1041 312 1139 diffidi?
345 1070 595 1148 Nanetensem,
612 1072 842 1153 praesentibus
865 1071 1037 1153 episcopis
1055 1079 1091 1135 et
1108 1071 1297 1134 baronibus

185 1143 274 1181 Nm
346 1171 538 1236 Britanniae
567 1171 721 1246 minoris,
754 1171 813 1233 ubi
835 1169 1038 1235 fidelitatem
1061 1189 1180 1234 omnes
1198 1170 1299 1254 jura-

345 1278 470 1334 verunt
493 1271 559 1333 sibi
578 1277 613 1333 et
632 1270 702 1333 filio
726 1289 789 1334 suo
806 1269 998 1350 Gaufrido;
1023 1278 1058 1334 et
1079 1272 1116 1334 in
1135 1269 1299 1348 Quadra-

346 1371 478 1451 gesima
506 1369 663 1451 sequenti
686 1368 729 1432 ad
753 1368 918 1451 Angliam
942 1369 1194 1447 transfretavit,
1224 1371 1300 1452 ipse

346 1489 423 1533 eum
441 1469 598 1532 omnibus
614 1470 686 1532 suis
702 1462 756 1532 ²in
775 1471 860 1534 mari
877 1469 948 1533 sere
965 1472 1174 1534 submersus·

497 1645 546 1708 De
560 1642 745 1722 absolutione
762 1643 985 1708 Lortdonieoaia
999 1643 1141 1728 ariocopi.
1181 1666 1185 1673 ·

186 1783 313 1873 Afbplpilop
398 1768 478 1847 Quo
493 1770 598 1832 etiam
614 1788 704 1832 anno
723 1768 935 1844 GilebertuS,
952 1766 1204 1831 Londoniensis
1219 1759 1303 1829 ³an·

184 1839 335 1925 irhindinf’p
347 1870 458 1946 tisteS,
476 1868 556 1931 dnm
569 1867 719 1951 Alpibus
736 1869 947 1932 transcensis
965 1867 1114 1931 Romam
1130 1866 1300 1942 tenderet,

348 1968 440 2050 apud
471 1968 707 2031 Mediolanum
730 1969 871 2031 veniens
896 1967 1015 2031 literas
1043 1965 1172 2030 domini
1197 1985 1301 2048 papae

347 2069 384 2130 in
401 2067 476 2131 haec
494 2068 600 2132 verba
616 2068 790 2149 suscepit3
814 2067 1115 2146 ‘Rothomagensi
1132 2065 1304 2147 archiepi-

349 2187 455 2250 scopo
474 2175 509 2231 et
527 2167 690 2249 episcopo
711 2167 902 2230 Exoniensi
921 2166 1076 2229 dedimus
1094 2166 1131 2229 in
1153 2165 1300 2229 manda-

349 2269 395 2331 tis
412 2276 463 2344 ut,
481 2274 620 2349 recepto
637 2286 658 2329 a
675 2274 710 2330 te
722 2268 933 2350 juramento,
945 2266 1036 2348 quod
1055 2273 1175 2329 nostro
1189 2273 1304 2328 stares

345 2367 479 2450 judicio
498 2372 602 2450 super
620 2366 686 2442 his,
708 2387 771 2448 pro
791 2367 915 2448 quibus
935 2367 971 2429 in
988 2373 1024 2429 te
1040 2366 1114 2429 lata
1131 2371 1206 2428 erat
1221 2385 1302 2428 sen-

352 2468 473 2543 tentia,
497 2474 616 2530 nostra
639 2473 673 2529 te
696 2467 771 2529 vice
794 2466 998 2545 absolvant3
1021 2467 1072 2529 ita
1092 2464 1232 2546 quidem
1251 2471 1304 2541 ut,

352 2585 414 2647 pro
433 2586 474 2630 eo
492 2566 583 2646 quod
603 2566 922 2629 excommunicatus
945 2565 1072 2642 fueras,
1095 2564 1229 2628 nullum
1246 2584 1304 2627 or·

352 2665 442 2727 dinis
460 2672 521 2728 aut
537 2665 718 2746 dignitatis
735 2666 925 2748 periculum
939 2672 1000 2728 aut
1014 2663 1166 2728 infamiae
1184 2671 1306 2727 notam

352 2758 456 2827 debes
474 2764 665 2828 sustinere!
715 2765 909 2848 Episcopus
928 2765 1035 2846 igitur
1054 2763 1097 2828 ad
1114 2764 1306 2830 absolutio-

353 2883 431 2927 nem
454 2859 613 2945 aspirans
634 2864 725 2946 apud
746 2864 1006 2947 Rothomagum
1027 2864 1063 2927 in
1082 2864 1136 2927 die
1156 2863 1305 2928 Paschae

354 2971 407 3027 est
424 2958 623 3028 solemniter
640 2964 832 3027 absolutus

452 3140 502 3202 Do
516 3139 582 3204 aito
598 3148 626 3202 et
643 3139 758 3204 virtute
771 3140 873 3205 eonati
891 3139 1021 3203 Godriri
1035 3137 1196 3215 heremita.

192 3273 306 3363 pragae·
423 3263 555 3327 Eodem
596 3285 734 3346 quoque
769 3284 861 3329 anno
896 3264 1103 3327 venerabilis
1136 3263 1309 3329 heremita

357 3356 548 3425 Godrieus⁴
570 3383 615 3426 ex
636 3364 703 3434 hac
727 3364 804 3427 luce
832 3364 1004 3428 transiens
1030 3383 1093 3446 pro
1121 3365 1196 3427 vita
1221 3374 1310 3431 tem·

356 3461 468 3543 porali
491 3464 718 3527 commutavit
746 3471 933 3540 aeternam;
967 3463 1010 3526 de
1041 3463 1141 3546 cujus
1168 3465 1243 3528 vita
1274 3472 1310 3530 et

356 3555 493 3625 actibus
511 3562 723 3626 admirandis
750 3583 791 3627 ac
806 3563 873 3626 fine
889 3562 1040 3646 glorioso
1058 3562 1138 3626 huic
1154 3563 1310 3629 historiae

391 3731 401 3764 ¹
414 3734 561 3798 Berricen]
579 3737 681 3796 Diceto,
693 3737 742 3786 col.
751 3741 808 3789 551.
880 3735 891 3767 ⁴
905 3737 1033 3787 Godricue.
1046 3733 1060 3805 ]
1077 3738 1131 3787 The
1144 3738 1190 3797 life
1200 3740 1231 3788 of
1239 3740 1311 3791 God-

390 3801 449 3852 'In
476 3805 614 3864 aurifera
641 3806 787 3856 cohaerens.
807 3808 819 3871 ]
843 3807 890 3870 ric,
906 3809 1007 3856 written
1024 3809 1058 3869 by
1073 3807 1203 3871 Geoffrey,
1220 3825 1237 3859 a
1252 3825 1312 3860 con-

357 3873 495 3935 Brompton
508 3875 599 3924 relates
611 3874 666 3924 that
676 3891 723 3926 one
734 3876 764 3926 oi
776 3876 818 3926 the
844 3882 986 3939 temporary
994 3877 1110 3939 morlain
1121 3879 1222 3939 printed
1234 3881 1259 3928 in
1268 3881 1311 3931 the

357 3943 427 4004 ships
439 3944 583 4007 containing
598 3960 666 3994 more
677 3947 738 3994 than
748 3946 818 3995 three
843 3947 903 3996 Act.
930 3947 976 3997 SS.
1001 3947 1074 4008 May,
1096 3949 1146 3997 rol.
1169 3964 1195 3998 v.
1218 3964 1245 4011 p.
1268 3955 1310 4003 70.

356 4011 473 4061 hundred
495 4014 565 4062 souls
581 4020 650 4063 went
666 4015 751 4077 down,
768 4018 818 4066 and
844 4015 969 4078 Compare
986 4017 1040 4065 also
1057 4017 1099 4065 the
1120 4019 1196 4068 Nova
1213 4021 1312 4082 Legen-

356 4081 392 4131 all
403 4097 436 4130 on
446 4082 524 4131 board
535 4084 653 4145 perished
665 4101 673 4146 3
684 4087 732 4135 col.
745 4089 818 4137 1060.
844 4087 887 4150 da,
898 4086 942 4138 fol.
956 4090 1012 4149 107,
1020 4088 1045 4136 b.

390 4148 552 4216 Matiana]
571 4154 672 4217 Diaeta,
688 4156 736 4206 col.
747 4160 805 4206 564.
