2820 4882
182 587 238 626 Ab.
248 588 306 629 1161.

184 786 225 845 llis
234 786 310 826 vision.

343 401 409 465 290
604 411 739 460 nocnnr
763 412 810 459 nn
833 410 1038 459 wnunovnn

345 569 428 634 tiam
446 571 613 648 eruditus,
626 571 827 648 aWaltoro,
840 569 998 634 Roffensi
1017 570 1191 652 episcopo,
1209 589 1294 633 con·

344 677 499 734 sacratus
517 677 570 734 est
593 669 740 734 antistes
761 669 983 733 Exoniensis.
1034 669 1090 733 De
1111 669 1176 732 hoc
1202 669 1292 732 Bar-

344 769 528 833 tbolomaeo
545 769 732 834 venerabili
753 768 828 832 viro
850 768 944 832 fama
970 767 1075 832 refert
1100 768 1293 847 notissima,

345 868 449 950 quod,
476 869 558 931 dum
587 868 692 931 lucris
720 869 913 931 animarum
935 866 1082 931 devotus
1110 866 1295 932 intendens

345 966 543 1049 parochiam
564 968 733 1040 visitaret,
759 967 795 1028 in
818 966 902 1029 villa
931 965 1081 1048 quadam
1106 969 1294 1048 campestri

345 1086 423 1129 cum
445 1067 516 1128 suis
542 1066 675 1129 clericis
700 1065 930 1146 pernoctavit.
983 1064 1166 1128 Dormiens
1184 1065 1295 1146 igitur

345 1166 389 1228 de
406 1171 508 1228 nocte
528 1165 565 1226 in
583 1164 710 1228 solario
726 1164 888 1245 quodam,
910 1163 1003 1244 quod
1023 1163 1177 1226 ecclcsiae
1201 1164 1294 1228 villae

346 1282 388 1327 ac
399 1263 596 1327 coemeterio
608 1263 820 1338 imminebat,
829 1281 907 1325 cum
920 1263 1013 1325 circa
1021 1263 1133 1325 noctis
1142 1263 1295 1326 medium

348 1363 391 1426 ad
414 1369 619 1425 nocturnam
641 1362 803 1446 synaxim
828 1361 905 1424 Deo
932 1361 1195 1442 persolvendam
1218 1363 1294 1426 evi·

347 1461 503 1542 gilasset,
528 1461 655 1536 lumen,
681 1461 774 1542 quod
796 1479 912 1523 coram
938 1460 999 1523 illo
1025 1458 1145 1523 ardere
1168 1480 1295 1524 consu-

346 1566 478 1634 everat,
501 1561 692 1642 apparebat
711 1559 943 1637 exstinctum3
970 1559 1154 1640 episcopus
1174 1571 1292 1624 autem

347 1658 595 1721 cubicularium
617 1677 716 1721 suum
738 1658 892 1740 graviter
913 1658 1114 1741 objurgans,
1140 1658 1234 1740 quod
1255 1660 1294 1722 in

348 1755 498 1821 tenebris
528 1757 702 1833 dormiret,
729 1757 895 1840 praecepit
924 1764 963 1820 ut
986 1757 1150 1821 velociter
1176 1758 1295 1821 lumen

348 1863 517 1938 quaereret
528 1864 564 1919 et
580 1855 733 1920 inferret.
785 1855 925 1919 Interea
940 1875 1022 1920 vero
1037 1856 1195 1933 antistes
1211 1856 1294 1920 dum

347 1954 487 2018 luminis
517 1956 704 2019 adveutum
726 1954 876 2035 vigilans
900 1962 1131 2036 exspectaret,
1161 1956 1297 2020 audivit

346 2073 450 2117 voces
472 2053 572 2136 quasi
591 2053 762 2117 infantum
780 2053 1083 2117 innumerabilium
1104 2054 1147 2116 de
1167 2073 1296 2117 coeme-

347 2153 435 2216 terio
456 2159 624 2216 exeuntes
646 2153 884 2235 plangentium
911 2160 946 2215 et
970 2152 1159 2216 dicentium
1183 2155 1296 2216 mani-

346 2251 447 2328 feste,
460 2251 544 2315 ‘Vae
556 2252 729 2328 nobis,vce
744 2251 861 2315 nobis!
886 2250 975 2329 Quis
984 2251 1107 2315 amodo
1122 2271 1186 2333 pro
1194 2253 1297 2316 nobis

348 2350 460 2413 orabit
477 2359 513 2414 et
526 2350 761 2433 eleemosynas
778 2349 886 2426 dabit,
898 2350 955 2413 vel
970 2369 1033 2431 pro
1047 2357 1167 2414 nostra
1181 2351 1296 2416 salute

348 2449 472 2512 missas
501 2449 688 2513 celebrabit
696 2448 723 2512 t'
773 2446 929 2512 Audiens
958 2455 1074 2512 autem
1105 2449 1170 2512 has
1191 2469 1296 2514 voces

348 2548 531 2630 episcopus
563 2547 741 2630 obstupuit
765 2547 997 2622 vehementer,
1025 2567 1132 2629 supra
1155 2548 1296 2612 modum

349 2646 431 2727 quid
443 2646 679 2728 significarent
690 2645 876 2710 admirans.
908 2646 1149 2710 cubicularius
1157 2666 1297 2728 quoque

349 2744 426 2827 ejus
451 2746 568 2809 lumen
588 2745 724 2808 interim
742 2764 912 2827 quaerens,
933 2764 1011 2808 cum
1030 2764 1142 2826 neque
1160 2746 1197 2808 in
1214 2747 1297 2811 aula

349 2863 461 2924 neque
471 2844 507 2906 in
517 2844 667 2925 coquina
676 2845 792 2925 ignem
803 2845 999 2926 reperisset,
1011 2844 1121 2908 exivit
1130 2844 1167 2907 in
1176 2845 1296 2909 villam

349 2942 487 3020 anxius,
505 2949 552 3020 et,
567 2943 685 3006 multis
696 2943 770 3026 jam
786 2941 918 3006 aedibus
932 2942 1164 3024 perlustratis,
1179 2943 1297 3007 lumen
1373 2941 1377 2951 '

349 3048 508 3122 optatum
537 3061 608 3105 non
634 3042 791 3119 invenit3
826 3041 978 3118 tandem,
1007 3060 1086 3104 cum
1111 3042 1298 3123 quaerendo

350 3138 417 3202 huc
432 3140 515 3204 illuc
530 3140 737 3222 quandoque
754 3140 813 3202 diu
833 3140 1064 3214 discurrisset,
1079 3138 1166 3204 vidit
1179 3140 1298 3205 lumen

350 3240 451 3320 quasi
463 3240 500 3301 in
511 3240 634 3303 ultima
644 3240 745 3302 domo
756 3239 862 3315 villae,
874 3245 909 3302 et
919 3239 1001 3302 illuc
1017 3257 1055 3301 se
1067 3258 1145 3302 cum
1156 3239 1297 3304 festina·

349 3336 443 3400 tione
455 3338 634 3401 conferens
648 3337 780 3402 invenit
790 3337 827 3400 in
835 3338 937 3401 domo
953 3337 1133 3420 cujusdam
1147 3337 1298 3402 hominis

350 3455 474 3519 corpus
489 3437 660 3514 exanime,
680 3444 715 3500 et
737 3457 815 3499 cum
839 3437 1040 3519 presbytero
1056 3436 1148 3500 villae
1166 3437 1295 3501 multos

350 3536 530 3618 utriusque
555 3555 660 3598 sexus
684 3535 841 3599 homines
863 3535 1127 3598 circumstantes
1158 3542 1194 3599 et
1222 3556 1296 3618 prae

350 3632 468 3697 dolore
498 3634 651 3697 defuncti
684 3634 806 3697 flentes
838 3641 873 3698 et
903 3633 1047 3715 capillos
1082 3634 1137 3696 sui
1172 3636 1297 3717 capitis

349 3733 588 3812 detrahentes3
621 3741 658 3797 at
680 3725 910 3798 cubicularius
934 3732 1098 3815 episcopi,
1117 3751 1222 3814 super
1241 3735 1297 3798 bis

345 3851 428 3913 quae
450 3831 540 3896 vidit
564 3851 635 3894 non
659 3833 805 3896 multum
832 3831 1013 3907 sollicitus,
1040 3830 1156 3894 lumen
1181 3834 1301 3915 posuit

348 3931 385 3993 in
399 3931 535 3994 laterna
549 3950 625 4008 sua,
641 3938 676 3995 et
692 3951 770 3994 cum
792 3931 1013 3994 festinatione
1033 3930 1077 3993 ad
1097 3930 1298 4014 episcopum

349 4048 507 4094 reversus
529 4050 607 4112 quae
629 4030 695 4093 sibi
717 4029 915 4094 acciderant
936 4048 998 4112 per
1018 4029 1172 4093 ordinem
1196 4049 1299 4095 enar-

348 4129 448 4192 ravit.
496 4128 656 4193 Cantatis
683 4130 790 4211 igitur
819 4128 1011 4205 matutinis,
1045 4147 1123 4191 cum
1145 4131 1301 4194 crastina
