2820 4882
325 397 391 461 252
584 409 717 457 noonnr
743 410 790 455 nn
813 407 1020 456 wnunovnn

163 588 218 628 nn.
231 591 287 629 nn.
327 576 392 631 tes.
434 566 537 644 Quod
555 568 676 632 videns
701 568 889 649 imperator
903 567 1131 632 contristatus
1145 571 1200 628 est
1219 584 1278 628 ve·

162 639 305 728 btilltl‘u
328 667 517 742 hementer,
544 673 579 730 et
600 667 708 750 jussit
732 666 898 731 ministris
932 666 1017 742 suis,
1040 672 1091 742 ut,
1121 664 1278 746 expulsis

163 737 200 777 ²¹¹⁰
212 750 315 789 ‘'nm''
329 767 373 830 ab
394 766 540 830 ecclesia
563 766 768 830 scismaticis
789 765 871 842 illis,
888 765 1049 829 sedarent
1068 765 1276 841 tumultum;

328 865 421 948 quod
454 885 532 929 cum
562 866 690 930 factum
726 866 861 941 fuisset,
889 864 1078 947 imperator
1111 863 1277 945 praelatos

327 965 407 1029 illos
438 965 592 1045 graviter
622 965 803 1047 increpans
830 964 937 1047 jussit
964 970 1004 1028 ut
1028 963 1194 1027 violatam
1222 982 1276 1025 re·

328 1065 553 1129 conciliarent
575 1063 766 1141 ecclesiam,
790 1082 834 1126 ne
864 1063 901 1126 in
930 1070 1029 1127 tanta
1056 1061 1277 1126 solemnitate

328 1156 547 1228 amissarum
570 1164 744 1246 obsequiis
767 1162 961 1227 defraudati
985 1161 1135 1244 Spiritus
1156 1161 1277 1225 Sancti

328 1262 558 1345 praepedirent
578 1262 777 1326 adventum.
830 1261 958 1325 Sedato
979 1262 1099 1342 itaque
1124 1261 1276 1325 tumultu

329 1369 364 1426 et
387 1363 534 1426 ecclesia
556 1368 733 1443 utcunque
755 1360 990 1437 reconciliata,
1005 1358 1206 1424 inchoatum
1222 1367 1277 1424 est

328 1461 443 1524 missae
457 1460 617 1538 officinm,
633 1469 668 1524 et
679 1461 760 1524 licet
777 1469 905 1525 temere
916 1460 1039 1524 fuisset
1053 1465 1275 1538 attentatum,

328 1560 419 1624 sicut
437 1579 550 1623 rerum
569 1560 685 1624 exitus
706 1560 884 1624 evidenter
905 1558 1068 1635 ostendit,
1085 1569 1202 1622 tamen
1216 1574 1275 1622 us·'

328 1679 396 1741 que
424 1659 468 1722 ad
492 1659 664 1741 evangelii
691 1660 1013 1741 pronunciationem
1044 1665 1097 1722 est
1127 1659 1275 1741 perduc-

328 1766 430 1837 tum3
464 1759 525 1823 sed
556 1778 635 1822 cum
669 1758 794 1822 chorus
824 1759 1049 1822 novissimum
1083 1759 1275 1839 sequentiae

328 1877 465 1922 versum
483 1865 733 1939 permutasset,
751 1857 886 1921 ‘Hunc
907 1857 997 1921 diem
1016 1856 1205 1938 gloriosum
1224 1857 1275 1922 fe·

327 1958 429 2033 cisti‚'
451 1959 583 2022 levavit
608 1977 728 2021 vocem
752 1976 851 2021 suam
873 1955 1031 2021 diabolus
1054 1957 1090 2019 in
1113 1956 1273 2035 excelsis,

327 2064 375 2119 et'
391 2057 552 2121 distincte
576 2057 620 2119 ad
644 2056 916 2138 intelligendum,
943 2057 1076 2119 cunctis
1102 2055 1275 2120 audienti-

326 2155 403 2234 bus,
421 2164 562 2221 cantare
582 2155 701 2238 coepit,
727 2156 860 2219 ‘Hunc
878 2155 967 2218 diem
984 2155 1185 2218 bellicosum
1207 2175 1273 2238 ego

326 2255 415 2318 feci.'
467 2256 572 2319 Hanc
594 2256 714 2337 itaque
728 2269 846 2320 vocem
873 2254 959 2318 adeo
985 2254 1171 2318 terribilem
1194 2274 1272 2319 cum

326 2374 443 2418 omnes
468 2355 734 2431 intellexissent,
752 2355 1006 2419 contuebantur
1023 2372 1099 2417 sese
1121 2353 1165 2416 ad
1183 2354 1272 2419 invi-

324 2472 398 2516 cem
425 2455 564 2534 singuli,
581 2453 791 2518 admirantes
814 2453 897 2536 quid
923 2453 988 2517 hoc
1015 2459 1116 2517 esset.
1169 2453 1272 2518 Tunc

323 2552 523 2634 imperator,
549 2554 609 2635 qui
626 2554 679 2617 vir
703 2561 777 2617 erat
797 2552 949 2634 prudens
972 2559 1008 2616 ot
1033 2553 1180 2617 devotus
1203 2552 1271 2617 Dei

325 2652 449 2728 cultor,
476 2651 720 2716 animadvertit
743 2671 863 2717 vocem
895 2671 972 2715 esse
1001 2651 1164 2714 Satbanae
1191 2653 1271 2716 sub-

323 2751 504 2813 sannantis
526 2759 561 2814 et
585 2752 849 2834 improperantis
874 2759 947 2815 tam
968 2770 1107 2814 enorme
1132 2750 1270 2814 dissidi-

324 2869 382 2912 um
399 2849 634 2932 praelatorum,
654 2857 689 2915 et
705 2851 871 2933 praecepit
886 2850 1062 2928 continuo,
1079 2856 1119 2913 ut
1136 2850 1269 2915 archie-

323 2949 498 3030 piscopus,
515 2950 574 3031 qni
590 2950 731 3013 missam
752 2956 828 3014 erat
850 2950 1097 3026 celebraturus
1115 2950 1270 3014 casulam

323 3047 511 3130 deponeret
520 3049 627 3114 donec
641 3069 744 3131 super
753 3056 853 3113 tanta
863 3049 992 3133 injuria
1005 3044 1150 3131 Spiritui
1160 3045 1270 3115 Sanc·

322 3153 359 3210 to
379 3147 469 3211 foret
490 3147 718 3226 satisfactum,
742 3151 802 3230 qui
822 3167 864 3211 ea
883 3147 939 3212 die
961 3149 1051 3212 solet
1073 3147 1173 3212 donis
1197 3151 1270 3214 suis

321 3247 476 3329 mysticis
491 3247 596 3310 corda
615 3247 766 3322 fidelium
780 3248 967 3313 illustrare.
1003 3247 1138 3312 Deinde
1157 3247 1270 3334 famuf

321 3345 374 3408 los
391 3365 471 3410 snos
487 3347 627 3434 mittens
643 3366 705 3428 per
718 3347 852 3429 plateas
864 3354 899 3412 et
910 3347 1006 3411 vicos
1020 3346 1172 3417 civitatis
1187 3347 1272 3414 secit-

322 3446 505 3510 convenire
523 3465 692 3528 pauperes
711 3465 828 3511 omnes
847 3453 883 3510 et
902 3446 1031 3511 debiles
1048 3445 1138 3509 infra
1160 3449 1271 3512 eccle-

322 3543 409 3607 siam
435 3545 599 3609 violatam
628 3553 663 3610 et
685 3553 813 3625 extra3
840 3543 1035 3610 esurientes
1056 3546 1165 3629 pavit,
1193 3547 1269 3611 siti-

322 3650 419 3705 entes
435 3645 583 3725 potavit,
599 3645 711 3709 nudos
724 3646 878 3722 vestivit,
895 3645 1128 3709 calceamenta
1151 3666 1270 3710 neces·

321 3742 460 3806 sitatem
478 3743 685 3808 habentibus
704 3745 884 3826 erogavit;
908 3744 950 3807 de
968 3745 1114 3808 senibus,
1125 3752 1160 3808 et
1176 3746 1268 3809 vale-

321 3841 514 3919 tudinariis,
539 3844 599 3924 qui
624 3845 661 3906 in
687 3844 841 3926 grabatis
863 3844 1029 3927 jacebant
1052 3862 1115 3927 per
1135 3845 1270 3924 urbem,

319 3938 410 4004 idem
436 3941 529 4018 fecit,
553 3961 693 4006 aureum
723 3944 869 4024 singulis
893 3943 1048 4020 donavit,
1080 3941 1269 4025 injungens

319 4041 464 4114 cunctis
491 4048 530 4105 ut
556 4042 707 4106 divinam
734 4043 957 4125 implorarent
984 4041 1269 4123 misericordiam,

319 4144 363 4201 ne
379 4140 509 4222 populo
527 4160 590 4204 suo
610 4142 797 4223 imputaret
820 4142 1042 4224 praelatornm
1069 4143 1269 4232 superbiam
