2820 4882
383 399 449 464 330
634 416 770 464 nocam
793 415 841 463 nn
866 413 1071 464 iununovna

223 583 343 671 ffssgflffl·
383 573 522 655 scripsit
537 571 573 637 in
590 573 665 637 haec
680 574 808 652 verba3
832 566 858 612 ¹¹
876 568 991 649 Quam
1010 578 1155 653 paterne
1171 577 1208 634 et
1226 589 1332 652 quam

221 645 344 774 {32⁰1}ssss
383 673 532 754 benigne
559 673 689 752 regiam
715 673 844 754 saepius
863 671 1104 736 excellentiam
1130 669 1333 735 conveneri-

345 759 353 774 ’
382 760 512 834 mus'et
532 791 593 853 per
613 771 732 837 literas
750 791 792 836 ae
815 771 957 836 nuntios
973 770 1187 852 frequentius
1204 767 1333 832 exhor-

383 870 449 933 tati
475 870 653 947 fuerimus,
676 877 717 934 ut
741 869 972 935 venerabilem
999 868 1142 934 fratrem
1172 874 1330 931 nostrum

372 967 564 1046 Thomam,
578 967 862 1035 Cantuariensem
874 968 1182 1050 archiepiscopum,
1197 967 1260 1031 tibi
1274 985 1329 1029 re·

382 1067 568 1131 conciliare
591 1067 745 1144 deberes,
767 1075 803 1132 et
825 1068 890 1132 sibi
912 1074 948 1130 et
970 1067 1043 1131 suis
1064 1067 1229 1132 eeclesias
1251 1084 1330 1129 cum

382 1165 518 1231 caeteris
543 1167 670 1233 ablatis
692 1166 886 1243 restituere,
907 1166 1130 1230 sublimitatis
1152 1173 1223 1231 tuae
1245 1182 1329 1246 pru-

382 1264 499 1329 dentia
517 1285 585 1328 non
600 1265 751 1346 ignorat,
762 1284 840 1331 cum
855 1264 891 1328 id
904 1265 970 1329 toti
986 1264 1057 1329 fere
1072 1263 1329 1329 christianitati

381 1364 557 1443 publicum
578 1371 615 1429 et
633 1364 853 1430 manifestum
876 1364 1028 1443 existat;
1051 1363 1143 1428 unde
1162 1361 1327 1444 quoniam

381 1462 417 1527 in
436 1462 502 1527 hoe
518 1463 694 1546 hueusque
713 1463 852 1529 minime
870 1463 1037 1544 prolicere
1056 1461 1247 1545 potuimus,
1264 1480 1328 1524 nec

374 1562 489 1644 animi
504 1563 555 1627 tui
571 1571 702 1627 motum
715 1563 852 1626 blandis
863 1581 905 1626 ac
921 1562 1056 1627 lenibus
1067 1560 1234 1639 emollire,
1249 1560 1329 1623 tris-

382 1666 434 1722 tes
461 1659 625 1725 efficimur
648 1670 685 1727 et
705 1661 873 1739 dolentes,
894 1668 932 1726 et
952 1680 1016 1725 nos
1037 1680 1130 1743 saepe
1152 1659 1219 1725 hac
1239 1658 1328 1721 fidu-

381 1759 435 1822 cia
456 1766 576 1824 nostra
596 1760 753 1851 frustrati
772 1760 949 1837 dolemus3
973 1760 1165 1840 praesertim
1187 1778 1266 1822 cum
1292 1766 1349 1822 te-

381 1858 472 1922 sicut
495 1859 712 1924 carissimum
732 1859 839 1928 filium
862 1857 1029 1923 sincerius
1048 1860 1087 1921 in
1102 1858 1253 1923 Domino
1276 1856 1329 1920 di-

380 1955 542 2038 ligamus,
568 1958 623 2023 cui
651 1959 687 2022 in
714 1958 781 2022 hoc
802 1977 909 2040 grave
933 1957 1124 2040 periculum
1149 1955 1329 2022 imminere

295 2085 298 2090 ’
374 2057 555 2135 ,νίᾶθωιιε;
580 2063 616 2120 et
636 2057 800 2138 quoniam
825 2057 993 2139 scriptum
1016 2064 1081 2133 est,
1103 2054 1262 2131 ‘Clama,
1284 2074 1329 2118 nc

379 2175 507 2231 cesses,
524 2155 625 2236 quasi
642 2156 728 2220 tuba
749 2155 869 2221 exalta
887 2174 1008 2220 vocem
1023 2164 1119 2220 tuam
1140 2162 1177 2218 et
1193 2173 1331 2219 annun-

377 2255 430 2342 tia
454 2254 584 2337 populo
605 2273 683 2320 meo
710 2255 841 2323 scelera
866 2252 1007 2330 eorum,’
1029 2253 1191 2319 duritiam
1216 2259 1329 2328 tuam,

380 2354 472 2418 sicut
492 2352 672 2430 hactenuS,
688 2362 812 2419 contre
822 2352 998 2436 justitiam
1022 2360 1058 2416 et
1078 2352 1227 2418 salutem
1249 2370 1329 2414 ves-

381 2459 471 2515 tram
494 2471 564 2516 non
593 2451 756 2517 duximus
782 2452 930 2525 adterius
955 2451 1241 2534 supportandam,
1263 2469 1330 2515 nec

378 2550 526 2630 praefato
555 2551 815 2633 archiepiscopo
841 2569 880 2615 os
903 2550 946 2614 de
972 2557 1099 2614 caetero
1127 2549 1246 2630 aliqua
1271 2569 1329 2614 ra-

378 2649 472 2713 tione
493 2649 707 2725 claudemus,
725 2650 808 2730 quin
835 2648 937 2713 officii
964 2649 1020 2712 sui
1044 2648 1197 2714 debitum
1220 2648 1329 2712 libere

377 2754 600 2829 exsequatur,
625 2756 661 2815 et
686 2767 782 2813 suam
807 2754 842 2811 et
866 2747 1020 2813 ecclesie
1042 2747 1109 2811 sibi
1134 2747 1329 2811 commissae

376 2846 538 2929 injuriam
555 2846 800 2911 ecclesiasticae
818 2845 1016 2911 severitatis
1032 2845 1149 2928 gladio
1163 2840 1328 2910 ²ulcisca·

375 2946 457 3010 tun'
1013 3003 1017 3007 .

375 3098 377 3100 .
427 3040 537 3110 Item³
556 3044 697 3111 domino
719 3043 963 3109 Cantauriensi
982 3043 1073 3108 idem
1092 3061 1186 3124 papa
1207 3041 1328 3107 literas

375 3142 504 3208 direxit
529 3145 593 3209 sub
616 3143 682 3208 hae
704 3142 837 3221 forma3
863 3135 892 3176 ⁴‘
909 3142 1083 3220 Quoniam
1110 3160 1229 3221 regern
1250 3139 1328 3205 An·

375 3241 511 3321 glorum
540 3242 671 3307 diutius
684 3240 731 3306 „in
761 3241 933 3322 patientia
961 3249 997 3304 et
1023 3239 1238 3320 benignitate
1264 3259 1327 3303 ex·

375 3343 622 3422 spectavimus,
637 3348 674 3405 et
685 3339 822 3405 blandis
837 3339 1065 3421 dulcibusque
1081 3338 1209 3414 verbis,
1224 3344 1260 3403 et
1276 3339 1328 3406 in·

375 3440 511 3504 terdum
526 3441 621 3504 duris
638 3439 897 3521 etasperrimis,
913 3446 953 3503 ut
969 3439 1013 3503 ad
1032 3437 1255 3518 semetipsum
1274 3457 1329 3504 re·

409 3600 633 3678 Quamnam]
643 3614 766 3673 Compare
779 3611 835 3660 Ho-
894 3609 999 3675 Νέωνι]
1008 3611 1100 3661 Before
1111 3609 1172 3671 this,
1179 3609 1328 3659 Alexander

372 3684 462 3745 veden,
478 3700 505 3745 p.
517 3688 575 3746 506,
586 3683 648 3731 with
660 3696 720 3743 epp,
737 3681 782 3730 lib.
799 3681 835 3731 ir.
859 3680 910 3729 had
920 3681 1022 3729 written
1032 3685 1058 3729 to
1076 3679 1175 3728 Becket
1184 3683 1211 3728 to
1223 3679 1327 3740 apprise

372 3766 414 3814 ep.
426 3754 461 3803 iv.
859 3749 911 3798 him
922 3750 951 3800 ol
959 3750 1002 3798 the
1018 3754 1124 3810 attempt
1138 3748 1171 3797 he
1182 3748 1235 3796 had
1252 3749 1326 3797 made

406 3819 418 3852 ²
432 3821 593 3884 Ueientana]
608 3821 634 3870 It
651 3832 760 3882 appears
770 3816 834 3867 from
858 3823 886 3869 at
896 3819 1093 3878 reconciliation,
1104 3819 1137 3880 by
1149 3817 1190 3867 his
1200 3818 1289 3867 letters
1300 3823 1326 3866 to

372 3890 498 3940 theletter
511 3906 541 3940 us
557 3892 578 3938 it
591 3891 651 3938 isto
664 3889 696 3938 be
712 3886 790 3936 found
808 3887 834 3935 iu
857 3887 900 3936 the
911 3888 988 3950 king;
1006 3903 1048 3937 see
1062 3888 1108 3936 lib.
1120 3887 1139 3937 i.
1150 3901 1192 3947 ep.
1204 3887 1249 3937 liv.

372 3959 506 4020 Hoveden,
516 3960 571 4008 that
580 3959 623 4008 the
633 3972 700 4019 pope
716 3960 772 4006 sent
782 3960 834 4004 two

371 4028 478 4091 legates,
484 4024 595 4098 [Simon]
606 4029 694 4077 ‘Prior
704 4027 736 4074 de
746 4027 833 4073 Monte
891 4018 899 4048 ⁴
912 4021 1053 4086 Quoniam]
1065 4021 1190 4083 Compare
1201 4020 1247 4071 lib.
1255 4021 1273 4069 i.
1282 4035 1323 4081 ep.

372 4094 429 4145 Dei’
444 4100 494 4146 and
512 4097 675 4146 ‘Bernardus
687 4098 719 4144 de
731 4090 833 4155 coruos
857 4091 935 4151 erla,
945 4090 1008 4138 with
1020 4090 1065 4140 lib.
1077 4105 1101 4139 r.
1114 4105 1157 4150 ep.
1166 4089 1251 4152 xxix„
1262 4088 1325 4138 from

370 4172 395 4214 to
407 4167 491 4216 confer
501 4168 564 4216 with
575 4167 617 4216 the
628 4166 699 4227 king,
711 4181 737 4227 p.
751 4168 808 4213 5⁰7.
858 4160 941 4209 which
953 4160 995 4208 the
1006 4164 1060 4208 tert
1071 4160 1093 4208 is
1105 4159 1192 4209 taken.
