2820 4882
443 394 582 444 enonas
605 395 877 444 nrsroarsauu.
1065 381 1130 446 251

180 549 285 630 gliam
308 552 493 616 transitum
514 555 704 630 habuisset,
727 554 802 634 regi
823 553 1002 635 Stephano
1020 554 1131 618 fideli·
1145 575 1269 616 ιιιιιιι,

181 656 287 714 tatem
299 650 446 733 juravit.

301 821 351 884 Do
367 821 505 906 quodum
518 820 624 887 teresi
639 822 821 890 miraculose
835 826 1009 909 confutato.

232 944 335 1012 Circa
350 946 424 1012 dies
442 948 540 1023 istos,
563 940 775 1030 ¹pullulante
792 969 956 1031 perversa
972 950 1131 1016 doctrina
1145 966 1234 1016 uerene

184 1043 329 1110 Hearici
355 1046 536 1130 cujusdam
559 1045 724 1125 haeretici,
743 1057 778 1113 et
800 1050 950 1113 maxime
972 1051 1008 1113 in
1032 1050 1133 1113 Was·

182 1145 295 1221 conia,
317 1146 501 1210 suscitavit
526 1145 697 1212 Dominus
730 1148 888 1230 spiritum
921 1149 1045 1230 puellae
1071 1149 1130 1232 ju·

183 1244 289 1308 nioris
315 1245 354 1308 in
381 1245 442 1311 illa
472 1245 652 1328 provincia
681 1247 725 1313 ad
750 1247 845 1311 illam
867 1247 1025 1312 haeresim
1049 1267 1131 1312 con·

183 1343 375 1421 tutandam,
401 1363 505 1426 quam
534 1352 656 1409 contra
677 1345 842 1411 articulos
865 1346 946 1412 fidei
966 1348 1132 1429 praedica·

184 1443 265 1522 bat3
284 1443 427 1526 jacebat
451 1443 543 1508 enim
569 1444 688 1525 puella
719 1446 755 1509 in
784 1465 994 1528 unaquaque
1027 1447 1133 1528 septi-

184 1561 287 1611 mana
326 1563 388 1625 per
416 1543 568 1609 triduum
603 1544 733 1626 absque
761 1564 860 1622 voce,
889 1564 993 1609 sensu
1027 1554 1132 1628 atque

185 1640 282 1719 flatu,
304 1649 342 1705 et
363 1642 582 1724 postmodum
604 1643 649 1716 ad
671 1663 709 1708 se
731 1663 872 1716 reversa
891 1644 1029 1710 dicebat
1050 1647 1132 1709 bea·

185 1747 254 1805 tam
287 1741 438 1810 Mariam
466 1760 566 1807 orare
604 1762 666 1825 pro
698 1742 828 1826 populo
861 1742 1071 1821 Christiano,
1095 1753 1132 1809 et

183 1840 323 1907 beatum
351 1839 494 1905 Petrum
515 1841 676 1907 docuisse
698 1861 736 1906 se
759 1842 860 1906 fidem
878 1843 1129 1924 orthodoxam

185 1940 292 2004 etsie
313 1939 357 2003 de
380 1939 447 2008 fide
471 1939 643 2005 catholica
665 1942 841 2023 sapienter
862 1941 1076 2024 disputabat,
1094 1950 1131 2010 et

186 2039 359 2122 praecipue
383 2039 541 2103 haeresim
566 2038 712 2106 Hearici
733 2040 941 2105 convincens
964 2042 1131 2124 plurimos

184 2138 228 2200 ab
242 2157 285 2201 eo
300 2138 461 2204 seductos
478 2139 522 2203 ad
541 2138 656 2205 sinum
676 2147 809 2205 sanotae
832 2141 954 2205 matris
975 2140 1131 2205 ecclesiae

185 2238 373 2303 revocavit.

218 2412 365 2496 Deferto
379 2413 510 2498 quodum
525 2409 717 2478 monarchici
734 2411 873 2477 Oonrodt'
888 2412 1096 2499 imperatoris

235 2537 368 2605 Eodem
383 2558 474 2602 anno
491 2537 672 2604 conradus
690 2538 891 2619 imperator,
906 2538 960 2601 vir
980 2536 1176 2642 prudensem
1143 2553 1288 2593 natiuae

187 2644 223 2703 et
242 2636 425 2715 discretus,
447 2638 538 2706 diem
560 2637 687 2703 clausit
707 2644 914 2713 extremum,
930 2637 973 2701 de
991 2656 1060 2719 quo
1081 2614 1203 2702 le·empe

188 2737 294 2819 gitur,
309 2737 403 2819 quod
421 2737 529 2803 dum
519 2757 564 2804 ιιι
571 2743 693 2802 sancto
716 2736 936 2812 Pentecoste,
951 2737 1132 2817 praesenti·

186 2838 251 2903 bus
272 2836 551 2919 archiepiscopis,
573 2836 756 2918 episcopis,
778 2837 845 2899 et
835 2836 970 2918 imperii
991 2855 1133 2918 magna·

188 2936 293 3014 tibus,
304 2935 342 3003 in
356 2937 441 3001 urbe
448 2935 600 3018 quadam
613 2936 740 3000 divinis
754 2935 937 3000 interesset
945 2936 1131 3017 obsequiis,

188 3035 325 3103 diabolo
345 3035 546 3117 instigante,
569 3035 723 3100 surrexit
738 3035 914 3106 contentio
930 3035 1021 3100 inter
1042 3055 1132 3116 prae-

187 3135 278 3201 latos
301 3141 521 3211 memoratos,
552 3134 631 3217 quis
657 3133 797 3199 deberet
823 3152 899 3206 esse
928 3133 1065 3214 dignior
1094 3134 1134 3199 in

187 3234 339 3316 primatu
359 3233 562 3311 cathedrali,
579 3239 620 3297 ut
635 3231 836 3315 imperatori
856 3233 998 3315 propius
1017 3233 1132 3297 consi-

187 3333 302 3410 deret3
333 3334 580 3402 altercantibus
605 3339 721 3399 autem
751 3332 922 3414 episcopis
946 3332 1039 3397 circa
1065 3331 1131 3396 hoc

187 3433 333 3515 aliisque
360 3433 526 3516 prelatis,
551 3439 737 3499 accurrunt
760 3432 945 3522 eorundem
968 3430 1131 3515 praelato·

186 3551 261 3599 rum
278 3532 428 3598 ministri
441 3553 520 3598 cum
534 3533 661 3615 gladiis
672 3540 708 3596 et
720 3531 884 3608 fustibus,-
893 3537 940 3607 et,
955 3532 1006 3594 sic
1017 3530 1131 3613 plagis

186 3631 369 3715 impositis,
388 3633 474 3698 istos
496 3632 539 3698 de
561 3633 634 3697 suis
659 3631 826 3696 sedilibus
849 3629 1071 3696 extrahentes
1092 3630 1130 3695 in

186 3731 314 3798 eisdem
336 3731 423 3797 alios
439 3732 666 3808 intruserunt,
686 3738 734 3807 et,
753 3730 814 3795 lite
836 3737 1046 3807 contestata,
1065 3731 1129 3794 mi·

187 3837 258 3896 tras
275 3831 355 3896 hinc
369 3831 450 3897 inde
461 3838 498 3896 et
511 3830 703 3914 pastorales
716 3831 859 3895 baculos
873 3829 1130 3912 confregerunt,

187 3929 389 4013 sanguinem
412 3932 451 3997 in
475 3931 622 3996 ecclesia
654 3950 724 3995 non
751 3931 929 3995 minimum
955 3929 1132 3993 effunden-

174 4159 180 4167 ,
219 4107 499 4170 'Palluloutepmersa
510 4106 640 4169 doctrina]
667 4121 732 4169 seqq.
750 4105 813 4154 with
833 4106 926 4155 Baron.
946 4105 980 4154 ad
998 4121 1040 4156 an.
1057 4110 1134 4169 1147,

186 4177 393 4240 ComparePagi,
401 4173 640 4241 adan.1116,§1ix.
667 4172 737 4239 §xib
