2820 4882
368 418 507 466 enonas
531 418 801 468 ursronmuuu.
996 403 1062 468 363

111 576 273 641 dixerant
291 583 327 640 et
347 584 450 641 extra
467 597 584 641 muros
600 578 754 642 civitatis
773 577 859 640 illud
881 577 1062 661 projicere,
1076 599 1129 641 nn.
1141 598 1198 638 na.

113 677 235 740 avibus
257 682 293 739 et
314 677 457 741 canibus
485 677 767 760 discerpendum3
803 677 863 741 sed
890 678 998 740 abbas
1019 677 1063 740 de

113 774 263 839 Boxleia
286 794 365 838 cum
390 776 505 858 priore
530 783 566 841 et
593 785 767 840 conventu
792 776 946 840 ecclesiae
972 775 1063 840 Gau-

113 873 298 938 tuarieusis
314 874 400 937 illud
416 874 596 939 maturiori
608 869 842 940 ¹tradiderunt
856 874 1061 957 sepulturae3

112 992 176 1037 nec
206 972 414 1036 abluendum
444 973 518 1037 fore
548 973 617 1038 illis
647 975 840 1052 videbatur,
870 975 1062 1056 prasertim

113 1092 193 1136 cum
214 1072 321 1153 longa
342 1071 444 1134 nimis
467 1073 676 1137 abstinentia
700 1073 814 1137 suerat
838 1079 1063 1150 maceratum,

112 1171 226 1235 cilicio
250 1173 444 1235 abstersum
469 1178 505 1236 et
526 1173 667 1255 proprio
688 1171 857 1253 sanguine
881 1190 1063 1236 consecra-

113 1277 199 1336 tum.
252 1270 296 1334 In
322 1270 388 1334 boc
414 1288 497 1335 sane
521 1271 632 1334 multa
661 1271 829 1335 notabilia
853 1280 1065 1337 concurrunt

113 1370 302 1451 martyri03
326 1369 449 1452 primo,
465 1370 559 1454 quod
576 1388 700 1453 passus
721 1376 775 1435 est
790 1389 854 1453 pro
871 1371 1064 1436 assertione

111 1469 260 1553 justitiae
283 1476 320 1533 et
338 1468 493 1533 ecclesiae
514 1469 694 1550 libertate;
725 1470 889 1546 secundo,
914 1470 1005 1553 quod
1026 1472 1064 1535 in

114 1568 261 1632 ecclesia
281 1587 350 1632 nou
367 1568 611 1652 qualicunque,
628 1569 688 1633 sed
707 1569 744 1632 in
764 1567 837 1646 illa,
852 1587 930 1652 quae
952 1577 1064 1635 mater

114 1675 169 1731 est
185 1668 337 1731 omnium
359 1667 580 1732 ecclesiarum
601 1668 716 1750 gentis
736 1666 965 1750 Anglicanee3
994 1677 1064 1732 ter-

114 1768 176 1843 tio,
195 1767 287 1848 quod
307 1786 377 1830 non
394 1767 432 1830 in
452 1766 606 1849 quolibet
620 1775 787 1850 tempore,
807 1768 868 1832 sed
887 1769 923 1830 in
942 1767 1064 1831 diebus

116 1865 311 1944 Natalitiis,
329 1867 365 1929 in
381 1866 506 1949 quibus
521 1866 700 1930 homicidae
720 1868 769 1931 rei
790 1867 882 1930 laesae
900 1866 1064 1949 majesta-

114 1966 160 2029 tis
187 1964 379 2044 babentur3
410 1972 547 2048 quarto,
572 1967 664 2050 quod
693 1986 764 2030 non
789 1965 979 2048 simplicem
1009 1985 1065 2030 sa-

114 2064 287 2128 cerdotem
310 2072 541 2147 peremerunt,
567 2065 628 2129 sed
654 2065 773 2148 utique
800 2065 918 2144 talem,
942 2065 1002 2147 qui
1028 2067 1064 2130 in

113 2184 222 2246 regno
245 2163 384 2245 Angliae
408 2172 484 2228 erat
508 2184 662 2229 summus
693 2165 730 2229 in
752 2164 882 2248 populo
909 2173 945 2228 et
967 2171 1066 2247 pater

116 2264 269 2327 omnium
281 2263 519 2343 sacerdotum
538 2265 672 2346 quinto,
684 2263 776 2347 quod
793 2284 862 2328 uon
877 2281 1001 2346 passus
1012 2271 1067 2328 est

116 2364 153 2427 in
169 2362 324 2444 quolibet
339 2364 504 2441 membro,
525 2364 586 2428 sed
605 2364 642 2427 in
657 2383 699 2427 eo
716 2363 869 2446 corporis
889 2362 979 2439 loco,
996 2381 1065 2444 quo

115 2471 295 2526 tonsuram
314 2469 507 2546 acceperat,
523 2470 564 2526 ut
582 2462 618 2525 in
636 2470 764 2526 sortem
784 2463 853 2527 Dei
871 2462 1067 2526 admittere·

114 2569 184 2639 tur,
204 2568 239 2625 et
260 2581 363 2645 quem
388 2563 476 2626 sacri
501 2561 655 2645 perfusio
680 2561 747 2627 olei
769 2562 921 2627 Domino
944 2580 1067 2626 couse-

115 2661 239 2725 oravit.

140 2834 201 2899 'Do
215 2834 401 2920 peccantia
417 2834 506 2919 repis,
522 2842 551 2898 et
564 2833 647 2918 quod
660 2834 783 2899 nuutios
798 2835 929 2899 Burnum
942 2835 1037 2912 misit,

427 2933 482 3018 qui
497 2954 566 2996 aum
579 2942 767 2998 accusarent.
915 2962 917 2966 ·

163 3051 256 3121 Rex²
266 3055 458 3139 Anglorum
470 3056 646 3121 Henricus
657 3064 741 3120 tunc
756 3057 920 3138 temporis
932 3057 967 3119 in
978 3054 1067 3119 Nor·
1079 3078 1170 3128 neum

119 3156 259 3221 mannia
284 3158 485 3221 morabatur
510 3157 603 3238 apud
634 3155 901 3237 Argentouium,
929 3156 1066 3239 quando
1079 3130 1229 3219 illilllll¹¹

119 3276 236 3320 rumor
257 3255 429 3320 infaustus
450 3256 494 3319 ad
521 3275 611 3334 eum,
638 3255 843 3338 quibusdam
865 3254 1067 3336 perferenti·
1080 3229 1167 3269 Bm

118 3357 195 3433 bus,
213 3355 431 3438 penetravit3
465 3355 525 3439 qui
545 3356 582 3418 in
604 3356 723 3438 primis
740 3355 783 3419 ad
807 3354 923 3419 omnia
936 3355 1067 3419 lamen-

119 3454 288 3520 tationum
315 3474 354 3518 se
384 3462 589 3519 convertens
620 3474 748 3536 genera
777 3456 909 3536 regiam
941 3453 1067 3538 majes-

118 3563 226 3620 tatem
254 3574 396 3638 prorsus
426 3553 461 3616 in
494 3555 608 3618 cinere
638 3562 674 3617 et
696 3553 808 3617 cilicio
832 3555 1068 3631 commutavit,

118 3655 389 3736 omnipotentem
404 3654 518 3718 Deum
535 3660 658 3718 testem
674 3653 854 3730 invocans,
872 3654 963 3735 quod
979 3673 1068 3736 opus
1146 3679 1149 3683 ⁴

117 3753 285 3817 nefarium
306 3773 369 3817 nec
391 3773 456 3817 sua
473 3753 652 3818 voluntate
674 3752 727 3817 vel
748 3753 959 3816 conscientia
973 3771 1067 3815 com·

119 3853 262 3915 missum
288 3860 353 3930 est,
379 3872 443 3915 nec
474 3870 538 3915 suo
563 3850 710 3914 artificio
734 3851 974 3932 perquisitum,
1000 3840 1089 3913 nisi

118 3951 208 4016 forte
222 3970 267 4015 ex
285 3950 350 4016 hoc
366 3971 445 4015 reus
460 3952 518 4028 sit,
533 3950 625 4033 quod
641 3948 937 4032 archiepiscopum
953 3949 1067 4012 minus

156 4134 368 4198 ¹Tradiderunt.]
379 4130 542 4184 ‘Tradentes'
553 4135 580 4182 iu
642 4131 738 4196 Ἔστω]
761 4131 886 4194 Compare
903 4133 1004 4195 Diceto,
1022 4133 1070 4184 col.

119 4207 176 4257 MS.
276 4271 278 4277 y
607 4209 665 4266 tto,
676 4203 738 4252 with
749 4202 899 4265 Quadrilog.
911 4218 937 4264 p.
949 4207 1006 4252 146.
