2820 4882
400 416 540 465 riorus
564 417 836 468 ursronrluuu.
1021 405 1087 470 a‘37

135 574 283 656 praefato
313 575 571 659 archiepiscopo
604 579 839 641 concedendas
872 578 981 642 eidem
1013 581 1087 663 regi
1101 596 1222 636 aulica

136 675 381 753 concessimus,
413 676 507 754 licet,
539 685 726 760 antequam
757 678 1001 742 inclinaremur
1042 682 1086 744 ad

134 793 355 851 consensum,
377 776 490 839 nuntii
517 777 593 860 ejus
618 778 718 841 nobis
743 777 779 840 in
803 780 907 842 verbo
930 781 1089 844 veritatis

135 874 367 956 promiserunt
395 883 431 940 et
464 895 569 958 super
596 877 661 941 hoc
685 877 919 961 juramentum
952 879 1088 943 obtule-

136 982 228 1052 runt,
261 975 354 1057 quod
386 995 562 1058 nunquam
593 977 667 1040 sine
695 977 875 1041 voluntate
900 985 1017 1042 vestra
1045 979 1087 1042 li-

136 1080 221 1138 terae
237 1074 449 1139 Eboracensi
469 1075 726 1158 archiepiscopo
744 1075 991 1141 redderentur.’
1044 1078 1086 1140 In

136 1173 213 1236 aliis
236 1182 352 1240 autem
373 1175 483 1238 literis
505 1175 578 1237 suis
596 1175 687 1239 idem
704 1195 796 1257 papa
817 1175 912 1240 dedit
934 1177 969 1238 in
992 1197 1087 1240 man-

135 1273 227 1337 datis
248 1273 507 1356 archiepiscopo
529 1283 731 1352 memorato,
756 1276 791 1338 in
813 1277 943 1340 virtute
965 1278 1088 1358 praeci-

135 1373 234 1454 piens
251 1373 467 1450 obedientiae,
485 1393 528 1437 ne
544 1374 578 1435 in
595 1375 708 1456 ipsum
726 1395 843 1456 regem
859 1383 920 1439 aut
941 1395 1088 1458 regnum

136 1472 225 1556 ejus,
248 1473 305 1536 vel
329 1492 495 1555 personas
524 1475 631 1554 regni,
658 1475 834 1539 interdicti
861 1495 921 1538 seu
948 1495 1087 1539 excom·

135 1572 381 1636 muricationis
411 1572 467 1638 vel
501 1575 738 1656 suspensionis
769 1575 977 1638 sententiam
1007 1595 1088 1658 pro·

136 1672 321 1753 mulgeret,
347 1673 414 1736 nisi
438 1673 527 1736 idem
556 1693 618 1738 rex
641 1675 678 1736 in
705 1694 770 1737 sua
797 1675 985 1756 pertinacia
1012 1695 1090 1756 per-

135 1790 300 1836 severans
322 1780 404 1836 ante
426 1773 562 1837 initium
585 1773 870 1856 Quadragesimae
893 1774 957 1836 sihi
982 1776 1090 1855 grati-

137 1892 193 1935 am
226 1891 322 1934 suam
350 1891 419 1935 uon
446 1871 605 1937 redderet
634 1881 669 1937 et
699 1875 789 1937 bona
815 1874 931 1936 omnia
960 1873 1025 1936 sibi
1054 1882 1090 1937 et

136 1973 209 2035 suis
238 1972 448 2048 restitueret,
468 1973 593 2036 animae
619 1992 691 2036 suae
718 1973 830 2036 salute
858 1979 893 2035 et
915 1973 1012 2052 regni
1035 1974 1089 2035 sui

137 2071 297 2136 similiter
316 2079 352 2135 et
368 2070 544 2135 haeredum
566 2092 707 2137 suorum
727 2079 896 2155 perpetua
918 2072 1089 2154 tranquil-

134 2172 247 2236 litate.

191 2348 240 2410 De
255 2348 411 2429 martyrio
427 2349 538 2412 utactio
553 2346 635 2412 docti
654 2347 784 2424 Thema,
803 2347 1039 2411 Cantaurianos

495 2446 729 2532 archiepiscopi.

191 2571 271 2635 Hoc
293 2570 402 2652 igitur
427 2569 660 2634 tribulationis
686 2570 766 2651 igne
794 2576 829 2632 et
857 2570 982 2632 mentis
1008 2587 1088 2650 pas·
1102 2588 1184 2630 uentu
1237 2636 1248 2676 r

138 2673 235 2736 sione
260 2670 441 2734 confossus
457 2670 610 2734 Thomas
626 2669 801 2733 confessor
822 2669 974 2732 invictus
997 2689 1088 2734 mar·
1101 2640 1234 2730 irii‘i'ii‘w

139 2772 281 2856 tyrium,
296 2770 389 2853 quod
406 2769 557 2834 nondum
575 2769 726 2850 suscepit
743 2769 778 2831 in
795 2787 951 2850 corpore,
970 2788 1089 2833 serva·

139 2873 192 2936 vit
213 2873 249 2935 in
267 2877 403 2950 mente3
426 2871 547 2934 videns
568 2868 659 2933 enim
681 2869 791 2945 illum,
811 2869 871 2949 qui
889 2877 995 2950 caput
1014 2889 1089 2933 esse

141 2971 263 3036 debuit
283 2970 437 3034 ecclesiae
457 2969 650 3044 militantis,
670 2966 760 3050 quod
777 2985 814 3028 se
832 2986 902 3030 non
924 2970 1089 3050 opposuit

141 3091 290 3147 murum,
308 3077 347 3133 ut
367 3077 477 3133 staret
499 3089 563 3150 pro
586 3088 628 3131 ea
646 3069 682 3131 in
704 3066 758 3128 die
781 3065 904 3147 praelii,
928 3066 995 3133 sed.
1009 3087 1090 3131 con.

141 3189 264 3236 versus
284 3176 338 3232 est
355 3176 542 3232 retrorsum
561 3168 658 3232 velut
684 3167 773 3230 aries
792 3183 923 3227 cornua
940 3185 1009 3229 non
1027 3166 1090 3230 ha·
1157 3193 1159 3199 ·

140 3272 240 3346 bens,
265 3270 359 3333 omni
384 3268 535 3332 humano
564 3267 751 3331 destitutus
776 3263 901 3328 solatio
931 3265 974 3328 ad
1001 3264 1090 3330 divi·

142 3391 225 3434 num
256 3368 413 3449 confugit
443 3368 625 3442 auxilium,
657 3366 871 3428 incessanter
901 3384 964 3445 pro
996 3372 1091 3429 statu

143 3469 298 3534 ecclesiae
314 3486 430 3544 orans,
445 3486 570 3549 corpus
586 3484 687 3529 suum
704 3463 740 3525 in
757 3462 887 3544 vigiliis
903 3471 938 3527 et
947 3463 1091 3547 jejuniis

142 3587 336 3645 macerans,
358 3587 421 3649 pro
440 3587 477 3630 se
500 3563 786 3649 persequentibus
808 3569 843 3625 et
862 3563 941 3626 odio
963 3563 1093 3627 haben·

142 3670 235 3733 tibus
253 3687 373 3749 preces
390 3665 550 3741 fundens,
561 3663 789 3746 lachrymosis
807 3662 964 3744 suspiriis
980 3663 1094 3729 Deum

143 3768 334 3834 sollicitare
355 3766 502 3841 studuit,
523 3772 562 3827 ut
587 3763 767 3827 ecclesiam
793 3781 998 3826 conservare
1017 3762 1094 3844 dig-

144 3876 299 3945 naretur,
320 3869 425 3949 quam
446 3863 590 3928 redemit
611 3870 646 3926 et
666 3861 806 3943 proprio
824 3862 994 3944 sanguine
1012 3881 1095 3925 con·

144 3969 305 4034 sacravit.
343 3960 448 4044 ¹Quis
466 3964 556 4029 enim
574 3961 679 4046 hujus
692 3960 761 4025 -viri
779 3961 846 4025 Dei
863 3962 1044 4042 angustias
1062 3968 1097 4024 et

180 4142 189 4174 ¹
203 4141 266 4198 Quis
275 4139 361 4202 euim]
378 4139 425 4187 See
439 4137 479 4184 his
496 4137 569 4186 letter
583 4142 608 4184 to
623 4135 733 4197 Conrad,
751 4134 906 4184 archdeacon
921 4133 949 4183 ol
965 4135 1099 4198 Mayence,

143 4217 189 4264 lib.
200 4214 235 4261 iv.
250 4225 292 4272 ep.
304 4224 348 4258 xv.

195 4303 275 4350 VOla.
294 4301 334 4347 ll.
932 4298 950 4342 Z
