2820 4882
390 406 821 456 nnounsutsnonmnou.
1012 393 1077 458 199

127 564 214 627 berti
245 565 363 629 fratris
386 565 477 646 regis
506 565 662 642 Henrioi,
693 564 767 647 ipse
796 584 877 628 vero
908 583 971 627 rex
996 583 1073 629 cum
1086 582 1208 623 nonin.

127 665 256 727 viribus
280 665 441 728 maximis
463 673 539 729 erat
560 666 596 728 in
618 665 775 747 sequenti
796 665 932 746 agmine
947 633 1200 730 consti-ibiibi.

127 770 244 843 tutus;
268 784 331 828 rex
346 785 429 829 vero
445 763 637 846 Anglorum
655 765 842 842 Henricus,
858 765 967 828 tribus
983 767 1073 829 acie-

127 863 191 926 bus
220 863 411 946 dispositis,
444 865 480 928 iu
509 866 621 947 prima
653 884 815 947 proceres
848 863 1074 929 Normanniae

128 961 323 1040 collocavit,
359 964 395 1027 iu
430 965 583 1028 secunda
614 966 689 1047 ipse
718 983 781 1028 rex
816 983 895 1026 cum
933 965 1073 1047 propria

37 1120 40 1123 .
126 1063 279 1125 residens
301 1062 444 1141 familia,
472 1065 508 1127 in
537 1066 640 1128 tertia
665 1064 754 1127 filios
777 1083 858 1126 suos
880 1083 958 1128 cum
980 1083 1073 1127 sum-

124 1162 188 1224 mis
215 1162 348 1227 viribus
381 1163 513 1245 pedites
544 1164 728 1228 ordinavit.
781 1162 1073 1227 concurrentibus

124 1261 230 1341 igitur
246 1261 327 1326 hinc
347 1262 427 1326 inde
443 1264 604 1343 catervis,
624 1264 735 1346 prima
752 1263 964 1328 Francorum
981 1264 1072 1327 acies

125 1380 284 1442 proceres
303 1361 582 1428 Normannorum
604 1371 801 1446 penetrans,
825 1362 869 1426 ab
890 1363 988 1444 equis
1012 1383 1071 1427 eos

125 1460 312 1543 depellens,
339 1462 521 1545 dispersit;
554 1464 677 1527 deinde
706 1463 741 1526 in
772 1463 893 1540 aciem,
926 1463 982 1526 cui
1008 1483 1070 1527 rex

126 1560 301 1625 Henricus
318 1570 476 1644 praeerat,
488 1582 683 1645 erumpenS,
701 1563 813 1645 ipsam
828 1562 932 1626 etiam
948 1570 1070 1644 poten·

126 1667 178 1724 ter
195 1661 389 1744 dissipavit,
407 1663 467 1726 sed
485 1683 545 1726 rex
562 1661 769 1745 Anglorum,
788 1662 983 1745 agminibus
997 1664 1071 1726 suis

124 1768 283 1842 potenter
296 1763 481 1839 resarcitis,
491 1763 706 1845 [respiravit]
719 1783 727 1842 ;
752 1764 789 1827 fit
801 1762 982 1827 conflictus
994 1782 1071 1844 gra-

124 1859 297 1938 vissimnS,
314 1863 597 1926 concurrentibus
617 1863 696 1926 hinc
712 1863 792 1926 inde
808 1862 982 1943 regalibus
999 1869 1070 1925 tur-

125 1961 201 2037 mis,
211 1960 321 2024 bastae
330 1960 606 2043 confringuntur,
616 1970 736 2027 mutuo
745 1962 870 2043 gladiis
879 1979 934 2024 res
943 1961 1069 2042 agitur.

125 2060 320 2123 Willelmus
343 2059 537 2143 Crispinus,
564 2062 685 2126 consul
705 2060 935 2135 Ebroicensis,
957 2079 1071 2140 quem,

125 2159 235 2242 culpis
258 2161 331 2223 suis
353 2161 585 2242 exigentibus,
600 2162 704 2244 paulo
720 2171 800 2224 ante
816 2178 878 2223 rex
897 2158 1071 2223 Henricus

125 2260 340 2336 exulaverat,
352 2269 456 2343 caput
468 2260 621 2344 ejusdem
630 2262 723 2343 regis
734 2260 851 2342 gladio
862 2259 915 2321 bis
931 2278 1070 2340 percus-

106 2424 109 2433 ,
126 2360 190 2438 sit;
214 2368 249 2424 et
265 2359 347 2423 licet
364 2360 472 2424 lorica
482 2367 518 2424 et
534 2361 636 2442 galea
648 2368 764 2424 essent
780 2359 1070 2441 impenetrabiles,

124 2460 254 2523 ictuum
278 2467 395 2523 tamen
426 2460 577 2542 pondere
605 2461 714 2524 lorica
742 2461 819 2544 ipsa
848 2459 954 2540 capiti
979 2459 1070 2539 regis

124 2559 253 2623 inserta
280 2567 345 2637 est,
366 2559 418 2624 ita
442 2568 482 2624 ut
506 2560 648 2641 sanguis
671 2567 865 2642 erumperet
890 2558 1070 2622 abundan-

126 2666 203 2738 ter3
235 2679 299 2722 rex
325 2679 406 2724 vero
431 2659 554 2723 laesnm
579 2679 617 2723 se
639 2660 792 2724 sentiens
818 2659 872 2722 ira
893 2658 1070 2723 incanduit

125 2759 330 2836 vehementi,
358 2768 394 2824 et
421 2779 657 2842 percussorem
683 2779 785 2823 suum
810 2759 861 2823 ita
887 2759 1070 2839 percussit,

124 2859 216 2940 quod
230 2879 355 2941 equum
378 2867 412 2923 et
427 2861 577 2941 equitem
600 2880 669 2923 uno
691 2860 763 2922 ictu
785 2859 821 2920 in
844 2865 971 2921 terram
991 2877 1070 2940 pro·

125 2960 262 3035 stravit,
283 2966 319 3022 et
341 2979 423 3023 mox
446 2967 527 3023 aute
550 2960 654 3042 pedes
677 2960 790 3040 regios
812 2966 935 3040 captus
958 2965 1012 3021 est
1035 2965 1071 3021 et

125 3058 270 3121 vinculis
299 3059 527 3142 mancipatus.
579 3059 678 3123 Tunc
706 3060 799 3122 acies
827 3057 1008 3140 pedestris,
1034 3056 1069 3118 in

126 3176 195 3239 qua
220 3158 282 3222 filii
304 3160 396 3241 regis
419 3167 528 3237 erant,
553 3179 631 3241 quae
652 3161 786 3222 intacta
810 3157 922 3220 adhuc
945 3155 1070 3230 fuerat,

124 3258 253 3322 lanceis
267 3259 452 3336 inclinatis,
470 3279 515 3323 ex
536 3260 681 3324 adverso
704 3257 861 3341 prorupit
882 3256 918 3318 in
940 3253 1070 3331 hostes,

126 3379 204 3421 cum
229 3357 359 3440 impetu
391 3359 478 3423 adeo
509 3360 715 3442 ponderoso,
744 3356 836 3437 quod
866 3353 1070 3434 Galligenas

125 3458 217 3522 acics
242 3477 361 3520 omnes
385 3459 499 3540 coegit
527 3460 562 3522 in
588 3458 733 3538 fugam3
759 3463 796 3519 at
818 3455 869 3518 illi
889 3454 1004 3517 subito
1027 3453 1070 3515 li·

126 3559 289 3639 quefacti,
313 3565 413 3639 terga
432 3558 664 3634 ostendenteS,
684 3555 758 3637 regi
784 3552 937 3618 Henrico
960 3553 1069 3617 victo-

126 3659 211 3721 riam
239 3665 496 3734 concesserunt,
520 3658 580 3739 qui
607 3663 767 3738 potenter
788 3656 824 3718 in
847 3672 969 3734 campo
993 3672 1070 3734 per-

125 3757 214 3827 stitit
242 3756 350 3819 doneo
374 3759 558 3839 optimates
577 3755 740 3832 bostium,
758 3774 840 3836 rege
858 3753 1071 3817 Francorum

124 3856 291 3937 fugiente,
320 3857 414 3938 capti
439 3864 580 3920 suntet
610 3857 684 3937 regi
710 3855 834 3919 victori
858 3851 1070 3935 praesentati.

126 3955 250 4020 Comes
268 3975 350 4019 vero
371 3955 594 4020 Flandreusis
618 3955 793 4019 lethaliter
811 3943 1011 4016 vulneratus
1029 3950 1071 4013 ad

125 4075 188 4121 sna
205 4063 258 4120 est
274 4055 310 4118 in
327 4056 449 4121 lectica
467 4057 647 4121 adductus.
701 4054 781 4117 Rex
795 4072 876 4116 vero
898 4050 1073 4114 Henricus
