2820 4882
434 435 574 484 rnonns
597 436 869 486 nrsronrsnuu.
1058 423 1125 489 843

186 665 276 739 Quod
291 665 343 729 oir
357 665 421 729 Dei
437 666 474 730 de
481 667 731 752 perepricotione
746 690 882 734 reomaus
895 669 942 733 cd
953 668 1105 734 hermam

559 767 739 832 wooolooit.

222 889 379 973 Cumque
400 891 578 973 patrisne
600 900 746 956 matrem
763 892 972 958 restituisset
984 892 1120 958 incolo·
1132 912 1256 953 sonno.

171 1008 272 1066 mem,
300 991 417 1054 omnia
448 991 602 1056 vendidit
628 1011 706 1076 quae
734 992 895 1069 habebat,
925 1000 973 1069 et,
999 963 1243 1058 eommlffll’la

169 1087 406 1154 benedictione
417 1098 594 1174 percepta,
609 1091 785 1173 profectus
802 1099 856 1156 est
873 1093 917 1155 ab
933 1093 995 1170 eis,
1009 1092 1118 1157 vitam

169 1187 404 1254 heremiticam
430 1209 502 1272 pree
531 1193 689 1255 omnibus
710 1191 969 1274 concupiscens.
1010 1189 1121 1258 Venit

171 1288 309 1351 tandem
325 1290 361 1351 in
377 1291 543 1354 extremis
561 1288 700 1371 Angliae
718 1290 844 1354 finibus
866 1290 909 1354 ad
928 1291 1118 1369 civitatem,

80 1414 83 1420 ·
170 1406 248 1469 quae
277 1388 482 1453 Karleolum
517 1397 748 1473 nuncupatur,
779 1391 839 1453 ubi
862 1391 1030 1473 quosdam
1056 1391 1118 1455 ho·

170 1487 280 1551 mines
302 1488 368 1552 sibi
391 1490 693 1571 consanguinitate
714 1490 917 1574 conjunctos
939 1491 1118 1556 inveniens

170 1587 214 1648 ab
237 1607 306 1651 uno
322 1607 441 1651 eorum
463 1589 666 1670 psalterium
685 1591 797 1654 sancti
817 1590 1024 1674 Hieronymi
1040 1591 1117 1672 ipso

170 1685 321 1751 donante
343 1689 507 1769 suscepit,
536 1689 629 1772 quod
660 1690 697 1753 in
721 1690 819 1754 brevi
841 1689 962 1754 didicit
986 1696 1022 1753 et
1045 1709 1117 1754 me·

170 1787 311 1850 moriter
346 1788 518 1853 recitavit.
585 1788 685 1852 Tunc
723 1790 842 1866 silvas,
877 1790 1118 1870 ignorantibus

170 1885 302 1961 amicis,
335 1894 456 1969 petens
483 1888 701 1952 silvestribus
729 1888 844 1952 herbis
866 1888 914 1951 ibi
938 1895 974 1952 et
996 1888 1119 1953 fructi-

169 1985 235 2049 bus
271 1986 472 2070 aliquandiu
504 1988 691 2066 rictitavit,
724 1989 768 2052 ad
802 2007 904 2069 quem
940 1996 1119 2070 serpentes

170 2092 205 2148 et
231 2086 313 2150 feres
339 2086 541 2151 accedentes
568 2088 682 2170 ipsum
709 2088 767 2152 diu
790 2087 1028 2164 intuebantur,
1056 2088 1117 2151 sed

169 2205 252 2249 mox
282 2205 360 2250 curn
391 2188 484 2252 omni
511 2187 775 2252 mansuetudine
800 2186 1026 2266 recedebant3
1057 2187 1117 2252 ille

171 2286 266 2350 solus
287 2287 324 2349 in
344 2285 483 2351 heremo
499 2287 620 2351 diebus
635 2288 753 2351 multis
771 2293 1008 2363 conversatus,
1025 2305 1117 2351 nunc

170 2385 483 2466 genuflexionibus,
492 2406 583 2450 nunc
593 2389 751 2451 manibus
766 2388 803 2450 in
821 2387 943 2451 caelum
958 2386 1116 2464 elevatis,

170 2505 261 2550 nunc
280 2487 376 2553 humi
398 2494 606 2568 prostratus,
631 2487 818 2551 Dominum
837 2487 975 2550 assidue
996 2504 1117 2569 prece-

168 2587 283 2651 batur.
345 2586 502 2650 Tandem
523 2586 718 2651 solitarium
740 2587 913 2670 quendam
938 2587 1119 2651 inveniens

169 2693 205 2749 et
221 2686 422 2768 speluncam
439 2687 531 2750 senis
547 2686 755 2769 ingrediens,
774 2688 817 2751 ab
839 2688 916 2768 ipso
938 2686 1118 2750 confestim

170 2787 438 2863 audivit,‘Bene
449 2787 581 2864 venias,
589 2787 698 2850 frater
707 2785 883 2866 Godrice3’
906 2787 969 2850 ‘Et
983 2795 1021 2850 tu
1032 2787 1119 2850 bene

170 2887 301 2963 vulsae,
323 2893 423 2967 pater
436 2885 591 2963 Ailrice,’
609 2905 688 2950 cum
711 2895 815 2950 antea
840 2904 981 2967 prorsus
1003 2893 1119 2950 esseut

170 2986 290 3067 ignoti.
342 2985 445 3061 ‘Tm'
461 2986 575 3069 inquit
590 3005 708 3063 senex,
726 2986 791 3049 ‘ad
814 2985 879 3048 hoc
902 2985 1027 3047 missus
1042 3004 1080 3048 es
1097 3004 1120 3048 a

172 3085 261 3162 Deo,
279 3092 319 3149 ut
333 3105 458 3168 corpus
474 3086 581 3149 senile
597 3086 785 3168 sepulturae
799 3079 942 3147 tradas.’
993 3083 1119 3165 Itaque

170 3186 236 3250 soli
251 3206 314 3267 per
328 3186 503 3249 biennium
520 3191 810 3260 commanserunt,
831 3183 962 3246 nullam
976 3184 1117 3247 omnino

169 3287 399 3350 substantiam
417 3285 644 3367 possidentes.
697 3285 786 3348 Sene
803 3283 941 3348 tandem
965 3284 1121 3364 graviter

167 3385 353 3463 infirmato,
377 3383 550 3448 Godricus
579 3383 724 3449 debilem
758 3383 918 3448 sublevat
944 3388 980 3445 et
1003 3389 1118 3446 trans·‚

170 3492 299 3566 portet,
322 3486 417 3548 cibos
440 3485 492 3548 ori
514 3484 590 3567 ejus
612 3484 778 3565 applicat,
800 3483 1036 3565 presbyterum
1058 3481 1119 3544 ad·

170 3585 278 3661 ducit,
289 3584 348 3667 qui
364 3585 408 3661 ei,
427 3583 521 3648 facta
535 3583 759 3659 confessione,
775 3581 1021 3646 eucharistiam
1038 3582 1120 3644 sub·

170 3685 356 3748 ministrat.
399 3683 533 3749 Videns
558 3703 642 3765 ergo
666 3681 838 3745 Godricus
865 3680 956 3763 quod
981 3682 1120 3745 morbus

170 3784 411 3860 invalesceret,
428 3783 530 3860 dixit,
545 3782 598 3845 *Ο
617 3783 772 3864 spiritus,
790 3782 849 3864 qui
865 3781 909 3844 ad
934 3781 1120 3862 imaginem

171 3885 239 3948 Dei
254 3890 392 3948 creatus
409 3903 459 3960 es,
480 3883 605 3966 adjuro
627 3890 662 3946 te
684 3901 747 3964 per
769 3882 883 3945 Deum
906 3881 1121 3962 omnipoten-

170 3993 253 4062 tem,
285 3992 325 4049 ut
354 4003 409 4047 me
440 3983 614 4046 nesciente
640 4001 685 4045 ex
717 3981 782 4044 boc
814 3980 1019 4063 corpusculo
1050 3999 1120 4043 non

170 4085 336 4148 recedas.’
388 4083 478 4146 Sene
498 4089 614 4146 autem
632 4082 707 4145 sine
728 4100 826 4143 mora
848 4080 997 4143 animam
1013 4079 1122 4143 exhe-

169 4184 277 4262 lante,
300 4184 386 4249 vidit
409 4183 504 4248 velut
530 4183 565 4244 in
589 4179 847 4245 similitudinem
871 4181 966 4244 venti
990 4180 1121 4244 urentis
