2820 4882
322 372 389 437 274
581 389 716 437 nouum
740 389 788 436 ou
811 388 1020 437 wmmovmr

164 565 219 605 eo·
231 562 287 602 1¹⁵4·
326 545 504 611 obsidione
525 547 684 623 vallavit,
707 552 742 610 et
762 546 928 609 diuturna
950 546 1071 608 urbem
1094 544 1282 609 afflictione

327 645 524 729 opprimens
547 646 609 708 tali
628 664 705 708 eam
726 645 924 709 conditione
947 645 1110 720 obtinuit,
1133 653 1174 707 ut
1190 645 1282 709 Tur-

328 745 373 822 ci,
398 745 457 826 qui
483 744 518 806 iu
545 743 623 826 ipsa
653 750 765 820 erant,
790 764 869 808 cum
896 744 1076 821 uxoribus,
1102 744 1220 807 liberis
1247 751 1283 807 et

329 844 402 907 suis
428 843 586 906 omnibus
614 843 757 906 liberum
782 842 862 906 inde
890 844 1058 907 haberent
1085 862 1280 919 recessum

329 943 472 1005 civitate
484 943 592 1023 igitur
605 943 680 1023 regi
702 943 892 1024 resignata,
906 942 1079 1006 concessit
1092 961 1169 1006 eam
1181 942 1281 1004 sretri

330 1061 394 1105 suo
409 1040 432 1105 J
435 1041 579 1124 oppensi
595 1041 713 1104 comiti
729 1041 772 1104 de
787 1061 824 1106 se
841 1042 1037 1106 tenendam.

461 1258 464 1262 ι
524 1214 575 1277 De
590 1213 657 1277 oitu
671 1212 771 1277 suncti
793 1211 925 1294 Wfrioi
938 1211 1097 1275 heremite.

382 1339 512 1402 Eodem
540 1357 631 1401 anno
656 1343 798 1400 sanctus
821 1335 1025 1416 anachorita
1049 1342 1084 1399 et
1103 1335 1281 1399 solitarius

331 1437 498 1501 Wlfricus
518 1436 561 1500 de
577 1430 814 1518 ¹Heselberga
827 1435 991 1517 migravit
1013 1434 1056 1498 ad
1079 1434 1282 1511 Dominum,

331 1542 517 1619 postquam
539 1535 662 1616 viginti
685 1542 721 1598 et
741 1554 866 1599 novem
888 1535 989 1597 annis
1016 1541 1138 1597 contra
1162 1535 1280 1598 hostes

331 1636 474 1698 humani
499 1635 636 1716 generis
655 1633 845 1714 confligens
859 1632 951 1698 felici
968 1639 1078 1696 marte
1100 1633 1281 1697 victoriam

331 1734 543 1816 reportavit3
575 1733 618 1796 de
643 1733 742 1816 cujus
765 1733 840 1797 vita
864 1740 900 1796 et
925 1733 1123 1809 virtutibus,
1140 1732 1185 1796 ad
1211 1732 1282 1796 his-

333 1833 431 1899 toriae
445 1832 614 1909 decorem,
631 1832 687 1896 vel
709 1850 852 1914 parvam
875 1832 961 1894 utile
983 1831 1145 1895 duximus
1167 1831 1282 1896 facere

332 1932 551 1996 mentionem.
590 1932 721 1995 Beatus
750 1931 804 1994 vir
832 1930 1013 2006 wlfricus,
1043 1951 1089 1994 ex
1118 1931 1282 1995 mediocri

332 2030 527 2112 Auglorum
555 2036 658 2111 gente
686 2030 864 2107 oriundus
892 2030 929 2094 in
957 2029 1128 2106 Contona,
1152 2030 1238 2094 villa
1260 2049 1282 2092 a

333 2130 500 2195 Bristollo
523 2136 602 2193 octo
624 2129 828 2192 milliaribus
849 2129 1013 2206 distante,
1034 2137 1150 2206 natus,
1170 2130 1281 2193 nutri·

333 2237 390 2293 tus
407 2236 461 2292 est
483 2236 519 2292 et
540 2234 785 2308 conversatus;
811 2229 859 2292 ibi
877 2229 982 2291 etiam
1001 2248 1064 2309 per
1085 2247 1196 2292 annos
1218 2229 1282 2292 ali-

333 2336 421 2410 quot
443 2327 632 2393 sacerdotis
656 2325 804 2391 officium
821 2327 988 2403 exercuit,
1007 2328 1098 2409 quod
1116 2329 1154 2393 in
1176 2335 1281 2391 aetate

329 2426 477 2509 juvenili
501 2427 645 2490 levitate
660 2427 776 2508 potius
790 2426 915 2490 mentis
932 2445 1037 2509 quam
1060 2427 1204 2490 rationis
1220 2426 1280 2490 de·

333 2526 460 2588 siderio
488 2525 639 2590 ereditur
667 2525 850 2607 accepisse,
875 2527 1002 2607 quippe
1024 2526 1175 2589 nondum
1198 2545 1282 2606 cog-

333 2625 498 2688 noscebat
534 2623 734 2701 Dominum,
764 2624 855 2687 unde
882 2643 987 2688 carne
1022 2626 1135 2706 magis
1175 2643 1280 2706 quam

333 2724 458 2805 spiritu
486 2723 697 2802 ducebatur3
731 2741 812 2785 nam
833 2742 957 2786 canum
978 2723 1081 2785 simul
1105 2730 1140 2787 et
1164 2725 1282 2787 avium

334 2823 427 2886 curis
449 2821 619 2885 sollicitus
641 2822 855 2898 incumbens
884 2822 967 2884 dum
992 2822 1047 2885 die
1072 2823 1220 2904 quodam
1247 2824 1283 2887 in

335 2920 438 3003 hujus
471 2922 606 3002 generis
640 2921 806 2984 exercitio
836 2940 906 2985 non
937 2921 1091 3002 segniter
1121 2922 1281 3000 instaret,

336 3018 447 3082 adfuit
463 3020 517 3084 vir
531 3021 645 3083 subito
660 3021 795 3084 vultum
812 3021 974 3101 pauperis
993 3039 1116 3102 gerens
1131 3028 1167 3084 et
1183 3021 1283 3085 habi-

336 3124 421 3195 tum,
439 3119 500 3200 qui
516 3138 694 3183 nummum
708 3137 837 3182 novum
854 3119 898 3182 ab
921 3139 962 3182 eo
984 3119 1132 3201 supplex
1155 3121 1192 3183 in
1214 3121 1285 3185 ele-

335 3236 535 3302 emosynam
550 3217 763 3300 postulavit3
787 3217 937 3282 habebat
951 3224 1066 3282 antem
1090 3225 1173 3282 tunc
1195 3225 1284 3282 tem-

335 3316 430 3397 poris
443 3316 574 3398 Anglia
590 3335 718 3380 novam
740 3323 914 3380 monetam
936 3317 973 3380 in
998 3317 1117 3381 diebus
1136 3316 1283 3381 Henrici

335 3416 427 3496 regis
453 3415 566 3497 primi,
588 3415 649 3478 sed
672 3415 783 3480 adhue
807 3435 934 3493 raram,
967 3434 1039 3498 prae
1064 3417 1283 3481 numismatis

335 3514 502 3578 novitate.
542 3513 609 3578 Cui
622 3533 700 3577 cum
717 3513 883 3578 wlfricus
900 3534 938 3577 se
953 3514 1085 3579 nescire
1099 3515 1241 3592 diceret,
1253 3516 1284 3580 si

334 3631 462 3677 novum
477 3632 653 3676 nummum
667 3613 822 3690 haberet,
833 3613 1024 3696 ‘Respice'
1038 3614 1100 3691 ait,
1111 3614 1284 3678 ‘loculum

335 3717 444 3789 tuum,
465 3719 501 3775 et
516 3712 670 3776 invenies
689 3712 726 3775 in
746 3731 787 3776 eo
809 3712 1073 3782 duosnummos
1093 3720 1130 3776 et
1147 3715 1253 3777 semis
1264 3715 1286 3793 ;’

334 3829 403 3891 quo
430 3810 489 3873 ille
511 3830 677 3893 responso
699 3812 946 3894 obstupescens
971 3812 1136 3894 inspexit,
1161 3820 1209 3889 et,
1234 3814 1286 3877 ita

334 3916 373 3972 ut
398 3909 527 3973 dictum
552 3910 618 3972 sibi
642 3909 757 3975 fuerat
782 3912 968 3993 reperiens,
992 3909 1083 3992 qnod
1102 3912 1286 3993 petebatur

367 4088 554 4155 ¹Hereltergu,]
576 4094 686 4154 perhaps
699 4094 792 4142 Hasel·
820 4095 875 4142 that
885 4095 906 4142 it
916 4109 971 4143 was
983 4095 991 4122 ‘
1001 4096 1027 4144 in
1044 4095 1175 4155 provincia
1191 4095 1287 4146 Dorse-

331 4161 590 4223 bnry,inWiltshire;
608 4163 722 4212 Ger-vase
733 4177 794 4224 says
820 4164 905 4213 tensi.’
