2820 4882
302 371 368 437 136
557 389 691 437 nocnnr
715 389 762 434 nn
786 387 994 436 wnrvoovna

145 562 201 622 nn.
211 563 268 601 1⁰99.
307 540 464 622 gabatur.
518 539 623 603 Turci
644 547 760 628 autern
779 539 1054 605 Christianorum
1074 536 1255 600 audientes

146 611 295 702 llllffilla.
309 639 509 717 adventum,
522 641 552 703 si
567 659 646 722 quae
660 640 799 704 fuerunt
817 659 929 723 aquae,
940 639 1040 723 jactu
1053 635 1206 720 pulveris
1222 641 1257 698 et

311 739 388 802 aliis
409 739 518 802 modis
544 759 603 802 eas
623 740 875 823 oppilaverant,
896 748 936 804 ut
953 737 1086 803 obsidio
1107 736 1258 818 ineptior

311 838 529 918 redderetur;
553 839 665 904 sedet
685 827 853 904 cisternas
872 845 908 902 ct
922 838 1125 922 pluvialium
1149 854 1258 917 aqua·

312 959 388 1002 rum
402 940 621 1022 receptacula
643 947 704 1003 aut
724 940 988 1022 dissipaverant,
1008 945 1047 1001 ut
1063 954 1173 1018 aquas
1189 954 1260 997 non

312 1040 468 1104 valerent
492 1040 650 1116 retinere,
677 1047 737 1103 aut
759 1039 1030 1114 occultaverant,
1052 1044 1092 1100 ut
1116 1033 1262 1099 remedi-

313 1159 371 1202 um
389 1139 632 1202 subtraherent
648 1139 778 1220 populo
794 1138 937 1202 sitienti.
987 1137 1177 1219 Dispersus
1193 1134 1261 1196 ita·

314 1258 380 1320 que
396 1239 544 1321 populus
567 1259 628 1320 per
643 1238 720 1302 loca
734 1238 882 1313 diversa,
900 1245 939 1301 ut
953 1255 1063 1320 aquas
1077 1240 1260 1318 quaereret,

314 1338 394 1400 dum
413 1339 573 1402 exierunt
590 1357 667 1402 cum
690 1339 821 1420 paucis,
837 1347 877 1402 ut
896 1337 1016 1401 latices
1034 1339 1262 1418 reportarent,

315 1438 375 1500 alii
397 1436 485 1501 idem
509 1437 675 1502 babentes
696 1439 910 1520 propositum
931 1437 1039 1500 multo
1062 1435 1180 1517 plures
1202 1453 1264 1497 su-

315 1545 557 1619 pervenerunt,
571 1545 607 1600 et
622 1538 771 1600 inventis
789 1537 942 1601 fontibus
961 1537 1057 1600 litem
1077 1535 1164 1598 adeo
1182 1553 1264 1597 con-

315 1637 435 1700 testati
464 1644 560 1714 sunt,
587 1644 627 1701 ut
658 1656 906 1719 nonnunquam
933 1637 1024 1700 inter
1052 1653 1112 1698 eos
1138 1633 1264 1698 seditio

317 1736 484 1816 oriretur;
519 1736 598 1820 equi
623 1744 803 1819 praeterea,
831 1737 916 1801 muli
948 1744 983 1800 et
1011 1735 1111 1812 asini,
1138 1752 1263 1816 greges

318 1842 353 1900 et
375 1843 543 1914 armenta,
571 1836 629 1900 siti
656 1836 884 1919 ariditateque
912 1841 1118 1917 consumpta
1140 1833 1265 1897 morie·

317 1936 456 2012 bantur,
478 1936 623 2000 interius
653 1935 851 2017 liquefacta,
874 1936 964 1999 unde
993 1936 1029 1999 in
1054 1934 1179 1999 castris
1201 1932 1267 1996 foe..

318 2043 375 2099 tor
404 2043 479 2098 erat
514 2036 740 2099 intolerabilis
772 2043 807 2099 et
839 2036 1004 2119 pestilens
1041 2035 1142 2097 nimis
1163 2033 1266 2096 ‘aeris

318 2135 526 2217 corruptela.
577 2135 686 2199 Venit
712 2136 845 2199 interea
877 2135 1018 2199 nuntius
1045 2133 1089 2196 ad
1116 2133 1267 2196 obsidio-

319 2255 409 2311 nem,
427 2237 499 2316 qui‚
516 2236 662 2299 classem
679 2234 702 2299 J
706 2236 908 2299 anuensium
925 2236 961 2298 in
978 2241 1078 2316 portu
1096 2232 1119 2297 J
1122 2232 1268 2314 oppensi

318 2333 526 2415 applicuisse
546 2336 723 2412 nuntians,
745 2335 846 2416 petiit
862 2355 883 2398 a
899 2335 1124 2417 principibus,
1144 2332 1275 2396 ut'mi-.

319 2432 395 2497 litia
419 2433 624 2514 dirigeretur
647 2434 691 2497 ad
709 2453 780 2511 eoS,
805 2436 870 2498 sub
892 2434 992 2519 cujus
1015 2433 1183 2498 conductu
1208 2451 1267 2495 ac·

319 2532 440 2595 cedere
462 2542 603 2613 possent
628 2534 672 2596 ad
692 2536 811 2598 urbem
828 2555 837 2614 ;
868 2535 1017 2598 mittitur
1039 2534 1147 2615 igitur
1166 2552 1188 2596 a
1205 2532 1267 2595 do-

319 2633 412 2694 mino
437 2631 637 2697 Tholosano
663 2627 909 2698 ¹Galdemarus
932 2633 1085 2717 quidam,
1104 2631 1270 2695 inarmis

320 2738 494 2809 strenuus,
530 2752 608 2796 cum
645 2734 789 2816 triginta
822 2735 995 2817 equitibus
1028 2740 1063 2796 et
1095 2732 1270 2815 peditibus

321 2831 593 2913 quinquaginta3
615 2834 828 2918 conjungens
847 2835 908 2907 eis,
919 2853 963 2896 ne
979 2832 1175 2908 deficerent,
1188 2831 1271 2894 Rei-

321 2931 485 2993 mundum
506 2931 657 2995 Piletum
680 2940 715 2997 et
732 2926 963 2997 ²Willelmum
983 2933 1026 2995 dc
1043 2932 1174 2995 Sabulo
1189 2951 1268 2994 cum

321 3031 494 3113 equitibus
516 3032 793 3114 quinquaginta3
818 3033 889 3117 qui,
913 3033 1089 3114 venientes
1112 3031 1158 3094 ad
1176 3050 1270 3095 cam·

321 3131 452 3212 pestria
476 3131 607 3214 Lyddae
627 3139 663 3196 et
683 3132 843 3196 Ramulae
865 3133 1056 3209 civitatum,
1078 3130 1274 3194 habuerunt

322 3230 458 3295 obviarn
483 3230 617 3295 Turcos
639 3239 835 3309 sexcentos,
861 3232 921 3314 qui
943 3232 1101 3314 protinus
1127 3231 1164 3294 in
1189 3248 1271 3293 nos-

322 3336 395 3393 tros
417 3330 587 3394 irruentes
613 3339 763 3413 quatuor
782 3331 916 3414 equites
937 3338 973 3394 et
996 3330 1130 3414 pedites
1154 3330 1272 3412 plures

323 3448 368 3492 ex
400 3430 449 3491 eis
481 3437 710 3511 peremerunt,
740 3430 800 3493 sed
828 3432 938 3496 nostri
968 3430 1105 3494 demum
1138 3448 1274 3512 praeva-

323 3527 447 3606 lentes,
467 3530 567 3592 caesis
590 3529 747 3622 ducentis
774 3550 819 3594 ex
847 3550 990 3594 numero
1010 3531 1215 3606 Turcornm,
1237 3529 1275 3591 in

323 3625 442 3710 fugam
459 3636 603 3693 caeteros
623 3630 876 3712 compulerunt.
930 3629 1137 3695 Ceciderunt
1157 3636 1274 3693 tamen

324 3850 388 3904 [erre
410 3853 533 3911 poterant,
549 3851 710 3913 jejunabant,
729 3851 789 3912 quia
848 3847 857 3879 ¹
880 3851 1069 3914 caldarium]
1097 3850 1279 3913 ‘cognomento

319 3920 419 3984 jejunio
430 3921 498 3974 sitim
513 3920 704 3982 temperabant!
739 3921 789 3969 Ro·
814 3920 957 3982 Carpinelle
967 3917 982 3982 ς’
1000 3921 1071 3970 Will.
1082 3921 1142 3982 Tyr.
1152 3936 1180 3982 p.
1193 3923 1252 3970 753.

324 3991 389 4039 bert.
397 3990 516 4039 Monacb.
527 4006 554 4051 p.
567 3995 607 4039 76.
631 3989 684 4039 The
695 3994 789 4043 torrent
1169 3999 1171 4002 ’

324 4059 353 4114 of
362 4059 461 4115 Cedron
473 4060 524 4109 aud
540 4061 653 4108 lountain
664 4075 692 4109 or
709 4061 787 4109 brook
847 4055 858 4089 ²
874 4059 1059 4109 Willelmumdc
1071 4053 1184 4126 Subula]
1197 4057 1279 4107 ‘Wil-

324 4128 429 4205 ofISiloe
440 4143 506 4177 were
516 4129 577 4178 both
589 4130 661 4184 dried
671 4145 715 4191 up.
811 4129 915 4178 lelmunr
927 4130 958 4179 de
970 4131 1066 4180 Sabran
1075 4125 1089 4192 ;’
1107 4130 1178 4178 Will.
1189 4129 1249 4212 Tyn
