2820 4882
305 384 372 448 104-
552 400 686 448 nocam
711 403 759 448 nr
782 402 991 450 wsunovna

146 574 269 673 ppt-⁰232·
305 578 376 636 cos,
410 558 502 640 quod
532 557 710 623 duodecim
741 580 786 623 ex
814 559 1004 645 majoribus
1032 577 1150 622 corum
1178 577 1265 622 cum.

145 674 296 715 necundo·
307 658 385 723 aliis
403 666 616 723 corruerunt.
656 657 760 724 Cives
776 660 818 724 de
834 667 936 724 nocte
954 679 1094 724 suorum
1112 678 1259 741 corpora

307 759 547 823 defunctorum
577 759 765 841 sepulturae
791 760 1020 838 tradiderunt,
1048 759 1109 823 sed
1135 760 1258 837 nostri,

308 859 431 923 funera
460 879 577 924 eorum
609 859 821 937 effodientes,
847 880 981 938 aurum,
1009 866 1192 942 argentum
1224 866 1260 923 et

307 966 423 1024 vestes
445 960 616 1043 pretiosas
631 979 676 1023 ex
694 959 840 1043 sepultis
855 961 998 1024 canibus
1016 966 1261 1037 extraxerunt,

308 1078 387 1141 quae
401 1060 518 1125 omnia
532 1060 567 1124 in
582 1079 666 1123 usus
688 1079 879 1143 pauperum
902 1061 1161 1144 peregrinorum
1184 1078 1263 1124 ces·-

308 1169 440 1225 serunt.

395 1336 444 1399 Dc
458 1333 542 1420 mnis
557 1331 673 1399 duobus
687 1331 826 1400 millibus
839 1355 860 1398 a
868 1333 1044 1420 peregrinis
1059 1334 1168 1419 captis.

361 1459 448 1524 Post
470 1460 559 1524 banc
577 1468 693 1525 autem
713 1460 894 1524 victoriam
918 1459 1084 1523 divinitus
1106 1459 1262 1542 peregri-

310 1562 364 1626 nis
387 1579 598 1639 concessam,
622 1567 662 1624 ut
688 1567 804 1624 castra
830 1579 921 1624 nova
945 1559 1103 1643 quaedam
1129 1568 1165 1623 et
1188 1578 1262 1622 ma-

309 1661 430 1725 chinas
460 1661 503 1724 ad
530 1659 823 1743 expugnationem
852 1661 946 1723 urbis
972 1660 1262 1736 construxissent,

311 1763 493 1827 audierunt
506 1760 598 1843 quod
613 1761 707 1825 cives
722 1780 785 1844 pro
800 1758 935 1824 defectu
949 1759 1069 1843 pabuli
1085 1760 1129 1823 ad
1146 1760 1261 1824 locum

311 1862 482 1946 quendam
518 1860 717 1945 pascualem
752 1880 860 1943 equos
893 1879 974 1924 suos
1009 1868 1264 1936 consueverant

311 1962 497 2041 destinare,
525 1962 585 2044 qui
612 1961 673 2026 vix
700 1961 744 2024 ab
773 1961 857 2027 urbe
883 1969 1032 2043 quatuor
1055 1960 1261 2025 milliaribus

310 2063 440 2127 distare
469 2062 671 2142 videbatur3
705 2060 797 2144 quod
824 2061 934 2125 nostri
956 2067 1204 2143 cognoscentes
1226 2070 1263 2126 et

312 2163 356 2228 ad
374 2163 487 2228 locum
505 2161 704 2245 pascualem
723 2169 959 2245 properantes,
980 2161 1102 2226 occisis
1125 2160 1185 2244 qui
1204 2180 1261 2224 ar·

312 2264 435 2327 mentis
457 2269 631 2346 praeerant
651 2270 686 2327 et
705 2261 816 2345 aquia,
834 2261 989 2345 exceptis
1012 2262 1113 2325 mulis
1129 2269 1164 2324 et
1184 2282 1261 2325 mu-

312 2364 424 2441 labus,
450 2362 520 2426 duo
549 2362 657 2425 millia
688 2382 854 2445 equorum
883 2362 1048 2426 nobilium
1070 2361 1114 2425 ad
1144 2369 1261 2427 castra

312 2463 541 2527 deduxerunt,
595 2461 665 2525 Per
693 2462 784 2526 idem
809 2481 946 2547 quoque
972 2467 1109 2545 tempus
1133 2461 1262 2527 Balde-
1295 2466 1299 2471 '

312 2563 436 2641 winus,
452 2563 550 2626 ducis
567 2560 748 2627 Godesridi
763 2562 882 2642 frater,
904 2563 976 2646 qui,
998 2571 1038 2627 ut
1056 2562 1261 2646 praedictum

313 2670 378 2741 est,
412 2663 580 2727 Edessam
610 2663 859 2747 subjugaverat
890 2663 1079 2740 civitatem,
1115 2663 1261 2727 audiens

312 2764 404 2847 quod
431 2763 605 2846 peregrini
626 2782 755 2846 magna
777 2751 890 2828 rerum
912 2763 1109 2827 laborarent
1130 2763 1262 2847 inopia,

312 2864 427 2927 missis
442 2862 541 2926 donis
560 2864 772 2944 ingentibus,
794 2863 831 2927 in
849 2882 945 2941 auro,
965 2869 1122 2946 argento,
1139 2865 1260 2929 sericis

312 2971 347 3027 et
364 2964 461 3046 equis
476 2963 649 3046 pretiosis
666 2983 722 3027 res
737 2963 930 3047 principum
948 2963 1161 3047 singulorum
1181 2964 1260 3028 red·

312 3062 399 3129 didit
430 3063 636 3147 ampliores;
669 3064 810 3147 insuper
844 3071 960 3129 autem
992 3072 1026 3128 et
1054 3064 1133 3127 duci
1159 3064 1261 3130 fratri

312 3184 388 3244 suo,
412 3166 471 3246 qui
497 3164 539 3228 de
568 3172 662 3228 terra
690 3164 782 3228 circa
807 3164 1020 3248 Euphratem
1046 3162 1259 3247 possidebat,

312 3285 431 3330 omnes
448 3265 602 3329 redditus
617 3265 652 3329 in
668 3264 851 3343 frumento,
867 3266 960 3343 vino,
976 3264 1104 3329 hordeo
1121 3271 1156 3329 et
1169 3266 1259 3345 oleo,

287 3429 289 3433 Α
311 3385 446 3430 necnon
471 3372 506 3430 et
530 3384 712 3429 aureorum
734 3365 988 3449 quinquaginta
1014 3365 1122 3429 millia
1153 3364 1260 3430 desti·

312 3465 421 3532 navit.
473 3465 604 3530 Eodem
628 3472 779 3548 tempore
799 3468 995 3531 nuntiatum
1018 3473 1072 3530 est
1094 3464 1261 3550 principi-

311 3566 389 3644 bus,
405 3566 498 3648 quod
514 3559 715 3643 ¹Soldanus,
731 3565 917 3631 Persarum
933 3566 1105 3645 dominuS,
1122 3566 1166 3629 ad
1183 3563 1259 3630 An-

311 3666 549 3731 tiochenorum
565 3665 766 3730 instantiam
788 3674 822 3731 et
845 3686 986 3730 suorum
1007 3666 1261 3751 postulationes

312 3767 483 3846 assiduaS,
521 3765 786 3831 innumerabiles
826 3774 1036 3831 armatorum
1071 3766 1189 3850 copias
1223 3767 1261 3832 in

312 3865 447 3949 Syriam
474 3867 725 3944 transmiserat,
743 3887 822 3950 qnae
845 3867 921 3953 jam
943 3867 1132 3945 imminere,
1160 3869 1261 3950 quasi

311 3987 383 4050 prae
412 3966 554 4044 foribus,
583 3968 793 4033 dicebantur.
848 3967 966 4052 Hujus
991 3987 1128 4050 quoque
1158 3966 1260 4032 famae

578 4223 587 4258 ¹
603 4225 745 4289 Saluianus]
763 4219 931 4289 ‘solidemus'
949 4227 979 4276 C.
