2820 4882
408 423 547 472 riorus
570 423 840 472 nrsronraaun.
1063 409 1108 473 59

158 581 328 645 mobiliter
336 580 445 658 fusas,
455 580 644 664 superejus
654 580 789 664 injuriis
800 590 836 646 et
845 582 1106 665 [in]etiabilibus
1118 597 1270 688 pum·

156 681 381 745 detrimentis.
433 680 521 745 Post
537 681 673 763 lapsum
691 682 904 763 angelornm,
922 683 1106 748 cumidem
1119 659 1211 741 κᾞω.

157 781 252 845 Deus
267 782 433 845 mundum
445 787 609 858 creasset,
623 781 660 845 in
677 783 787 845 tribus
798 782 872 865 Jam
890 784 1059 865 partibus,
1070 783 1106 847 id

157 886 218 957 est,
240 879 378 958 Asiam,
400 879 556 946 Africam
579 889 615 945 et
637 882 812 965 Europam
836 881 1047 959 distinctum,
1072 891 1107 948 et

157 979 312 1045 homines
328 981 372 1044 ad
389 982 643 1063 reparationem
659 981 863 1045 damnorum
883 983 1106 1064 supercaeles-

158 1081 242 1144 tium
265 1082 370 1144 ineis
393 1081 640 1159 constituisset,
658 1087 698 1144 ut
719 1082 785 1144 sibi
802 1081 1010 1146 famulantes
1036 1083 1108 1146 dic·

158 1187 209 1244 tas
237 1180 360 1244 mundi
383 1188 598 1263 partescum
622 1182 790 1245 creaturis
820 1182 1002 1259 universis,
1026 1181 1108 1245 dum

158 1281 327 1358 viverent,
354 1281 581 1364 possiderent,
607 1288 643 1345 et
671 1289 750 1363 post
778 1291 923 1345 mortem
955 1282 1108 1345 caelestia

158 1381 229 1444 sine
247 1380 317 1443 line
339 1382 517 1462 regnaturi
542 1381 823 1457 conscenderent,
846 1381 882 1443 in
903 1382 999 1446 brevi
1021 1391 1108 1446 tem·

158 1481 250 1561 poris
268 1480 416 1544 decursu
430 1500 531 1545 omne
553 1499 663 1562 genus
682 1480 870 1543 humanum
888 1500 910 1544 a
925 1483 1108 1565 praeceptis

159 1579 284 1644 divinis
297 1599 360 1662 per
375 1570 641 1645 inobedientiam
658 1587 694 1643 et
709 1579 912 1644 delictorum
928 1581 1108 1645 abundan-

160 1680 242 1756 tiam
266 1699 288 1743 a
308 1680 386 1743 Deo
408 1679 566 1757 descivit,
590 1686 630 1743 ut
648 1680 738 1744 inter
762 1679 917 1744 homines
935 1681 995 1745 vix
1018 1691 1109 1745 esset

159 1779 322 1843 inventus
352 1779 412 1862 qui
441 1779 570 1843 faceret
602 1780 743 1857 bonum,
765 1799 828 1842 nec
852 1781 976 1844 saltem
1000 1801 1109 1864 usqne

160 1878 201 1942 ad
225 1898 347 1943 unum.
399 1879 490 1943 Ecce
520 1880 611 1942 enirn
640 1879 759 1942 mundi
786 1879 935 1944 latitudo
963 1881 1109 1962 paganis

160 1977 355 2041 infidelibus
381 1979 569 2042 Dominum
596 1978 916 2062 blasphemantibus
948 1988 984 2042 et
1014 1981 1111 2060 ligna

159 2077 362 2160 lapidesque
379 2079 572 2143 colentibus
589 2079 693 2162 plena
710 2086 833 2154 scatet,
853 2079 904 2142 ita
919 2078 1056 2161 quidem
1072 2084 1112 2143 ut

156 2177 228 2260 jam
245 2179 282 2240 in
297 2178 463 2261 pudorem
479 2198 680 2261 paucorum,
697 2178 757 2261 qui
779 2177 892 2241 adhuc
914 2186 1111 2260 supersunt,

162 2277 450 2355 Christianorum,
481 2278 617 2364 Syriam
646 2276 927 2360 Armeniamque,
958 2297 999 2340 ac
1031 2297 1111 2360 pos·

162 2385 270 2441 tremo
287 2375 409 2441 Asiam
426 2378 609 2455 Minorem,
627 2378 727 2461 cujus
744 2378 932 2460 provinciae
951 2385 1032 2442 sunt
1051 2379 1111 2442 Bi·

164 2477 286 2555 thinia,
296 2477 464 2561 Phrygia,
474 2476 629 2554 Galatia,
639 2477 762 2560 Lydia,
776 2477 891 2553 Caria,
902 2478 1111 2560 Pamphilio,

163 2577 329 2654 Ysauria,
353 2577 461 2660 Lycia
486 2584 522 2643 et
544 2576 677 2655 Cilicia,
701 2586 926 2661 occuparunt.
978 2577 1037 2641 llli
1057 2579 1111 2641 in·

162 2696 267 2760 super
282 2678 428 2741 alteram
445 2675 579 2755 Asiam,
596 2679 631 2742 id
647 2684 712 2755 est,
731 2677 870 2743 tertiam
890 2678 1008 2740 mundi
1030 2698 1111 2761 par·

164 2786 244 2854 tem,
263 2778 364 2861 quasi
384 2778 501 2841 nidum
520 2778 718 2842 inhabitant
736 2778 1004 2854 haereditarium,
1020 2798 1112 2861 quae,

163 2878 390 2960 amajoribus
413 2879 552 2956 nostris,
570 2879 703 2942 duabus
719 2878 864 2941 residuis
888 2897 990 2960 aequa
1003 2879 1111 2961 parti·

163 2978 237 3055 buS,
247 2983 284 3040 et
293 2983 466 3041 tractuum
475 2978 690 3060 longitudine
702 2986 738 3042 et
746 2978 1001 3060 provinciarum
1014 2998 1112 3060 mag·

165 3077 334 3153 nitudine,
350 3085 467 3142 exstat
484 3098 553 3142 non
568 3078 738 3143 immerito
753 3078 937 3154 aestimata,
953 3079 1012 3141 ubi
1029 3079 1112 3142 olim

164 3176 314 3260 apostoli
328 3197 458 3254 omnes,
472 3185 598 3261 praeter
609 3178 709 3254 duoS,
722 3184 850 3242 mortes
864 3197 947 3241 suas
962 3178 1113 3242 Domino

164 3285 430 3356 consecrarunt3
453 3278 501 3342 ibi
523 3278 625 3341 modo
644 3276 845 3354 Christiani,
863 3278 969 3359 siqui
992 3297 1113 3359 super·

164 3385 257 3449 sunt,
278 3376 437 3440 nefandis
458 3378 528 3440 illis
551 3378 703 3459 vectigal
727 3378 878 3442 solvunt.
924 3369 1001 3454 Illi,
1027 3376 1113 3459 proh

163 3476 262 3541 dolor
276 3478 284 3540 l
311 3475 478 3554 Africam,
494 3479 638 3541 alteram
654 3478 746 3541 orbis
769 3485 915 3560 partem,
933 3470 1113 3540 ¹trecentis

159 3576 232 3658 jam
258 3577 361 3640 annis
385 3585 420 3640 et
441 3597 483 3641 eo
506 3574 654 3660 amplius
680 3578 784 3640 armis
808 3596 1004 3660 possessam
1025 3576 1112 3640 deti·

165 3684 261 3753 nent,
275 3695 354 3758 quae
370 3676 499 3740 dudum
512 3684 606 3742 terra
617 3677 861 3759 praeclarorum
880 3677 997 3740 nutrix
1017 3677 1115 3757 inge·

164 3778 313 3852 niorum,
329 3796 407 3858 quae
424 3777 461 3838 in
475 3776 585 3840 literis
598 3776 723 3841 divinis
747 3796 880 3840 omnem
897 3795 971 3838 ase
993 3775 1114 3839 infide·

164 3875 274 3940 litatis
302 3895 452 3939 errorem
478 3876 633 3953 detersit,
658 3883 697 3939 ut
729 3883 865 3939 constat
893 3875 1028 3939 cunctis
1056 3877 1115 3959 qui

164 3975 284 4039 literas
319 3983 446 4039 norunt
470 3976 627 4041 Latinas.
673 3974 831 4038 Tertium
864 3976 980 4038 muudi
1013 3976 1116 4040 clima

405 4223 411 4252 ¹
426 4219 572 4294 Trecentis]
590 4225 598 4253 ‘
606 4220 747 4287 Ducentis,’
760 4225 880 4276 Malmsb.
