2820 4882
429 394 568 442 riorus
592 396 860 446 nrsronrnruu.
1060 385 1126 448 307

174 550 382 615 tuariensem
408 552 718 635 archiepiscopum,
739 561 773 618 et
793 575 912 636 regem
929 554 1122 637 Anglorum
1136 573 1190 612 nu·
1202 575 1259 614 11⁶4.

173 652 409 714 controversia
430 654 648 730 versabatur,
671 654 714 716 de
739 655 921 737 utriusque
942 655 1123 721 voluntate

173 747 228 810 die
243 749 401 830 praefixo,
419 758 459 814 ut
478 751 514 813 in
534 771 588 828 eo,
600 752 740 834 justitia
758 753 942 829 mediante,
958 754 1020 818 illa
1039 774 1122 818 con-

173 847 343 911 troversia
365 849 587 930 terminetur;
611 850 655 913 ad
673 851 818 914 eundem
841 852 943 928 diem,
965 872 1011 916 ex
1031 873 1120 934 prae·

172 952 274 1026 cepto
296 947 403 1028 regio,
424 948 686 1031 archiepiscopi,
703 950 855 1030 episcopi
876 958 911 1013 et
929 951 1046 1014 caeteri
1063 971 1120 1016 ec-

172 1043 353 1108 clesiarum
385 1045 522 1127 praelati
553 1054 800 1123 convocantur,
834 1055 871 1111 ut
899 1057 1031 1130 quanto
1059 1069 1120 1131 ge·

173 1143 320 1206 neralior
345 1152 438 1208 esset
462 1145 599 1209 concilii
622 1145 809 1209 celebratio
836 1153 935 1210 tanto
957 1146 1118 1212 manifes-

173 1240 241 1305 tior
265 1243 364 1307 lieret
391 1243 523 1307 fraudis
550 1250 587 1307 et
618 1243 760 1308 malitiae
790 1245 990 1310 denudatio.
1051 1245 1118 1310 Die

173 1343 362 1406 constituto
385 1343 546 1408 catholici
568 1343 733 1425 principis
753 1345 953 1425 conspectui
968 1364 1008 1407 se
1029 1365 1117 1426 prae·

172 1440 325 1505 sentavit
346 1443 445 1522 regni
469 1443 628 1505 turbator
646 1442 683 1504 in
706 1441 863 1518 ecclesia,
880 1443 952 1525 qui,
977 1443 1020 1506 de
1036 1463 1118 1508 suo·

172 1558 246 1601 rum
276 1542 477 1604 meritorum
509 1540 678 1622 qualitate
710 1559 780 1606 non
811 1560 965 1618 securus,
996 1542 1117 1607 Domi·

172 1639 259 1702 nicae
278 1640 392 1704 crucis
413 1647 525 1703 armat
539 1658 578 1703 se
603 1639 796 1720 signaculo,
812 1647 978 1722 tanquam
1000 1642 1043 1705 ad
1062 1649 1117 1724 ty-

171 1739 272 1801 ranni
300 1740 522 1821 praesentiam
548 1756 769 1816 accessurum
794 1759 857 1803 nec
883 1748 998 1803 tamen
1020 1743 1118 1822 regia

172 1837 337 1920 majestas
370 1837 567 1915 offenditur,
598 1838 659 1901 sed
694 1856 809 1901 causae
845 1858 918 1902 suae
947 1839 1117 1922 judicium

171 1937 411 2018 episcoporum
426 1937 506 2001 fidei
526 1937 722 2014 committit,
745 1944 784 2000 ut
800 1938 850 2000 sic
866 1938 910 2000 ab
932 1938 1025 2000 omni
1042 1957 1118 2000 sus-

171 2035 306 2115 picione
328 2035 503 2100 liberetur.
558 2036 731 2100 Restabat
752 2043 793 2099 ut
809 2035 942 2118 judicio
964 2036 1117 2118 episcopi

169 2151 310 2196 oausam
325 2136 561 2211 terminarent,
577 2141 618 2198 ut
635 2135 686 2198 sic
700 2134 906 2198 dissidentes
919 2135 956 2196 in
969 2133 1116 2215 gratiam

170 2232 378 2297 foederarent
402 2241 439 2297 et
459 2233 683 2297 dissensionis
713 2252 831 2296 eorum
859 2233 1038 2296 materiam
1064 2251 1118 2297 se-

169 2331 335 2411 pelirent;
364 2339 402 2395 at
428 2331 548 2396 obviat
577 2332 795 2395 adversarius
817 2338 853 2394 et
881 2331 1014 2414 objicit,
1034 2351 1120 2412 quo-

169 2430 262 2491 niam
279 2431 393 2511 ipsum
412 2449 528 2494 coram
551 2450 633 2511 rege
655 2437 749 2492 stare
759 2430 903 2513 judicio,
922 2438 1015 2494 esset
1036 2449 1120 2512 apo-

170 2528 301 2591 stolicae
324 2528 415 2592 sedis
431 2535 466 2592 et
480 2528 661 2609 dignitatis
678 2528 860 2592 diminutio
873 2548 882 2607 3
906 2547 948 2591 ac
964 2530 995 2591 si
1009 2531 1120 2593 nesci-

170 2635 219 2704 at,
239 2626 345 2709 quod,
365 2628 430 2691 etsi
451 2627 489 2689 in
508 2627 569 2690 illo
587 2626 721 2709 judicio
740 2627 994 2717 aliquantulum
1018 2627 1118 2692 dero-

169 2731 312 2807 garetur
343 2726 498 2790 ecclesiae
525 2724 701 2807 dignitati,
726 2725 1011 2788 dissimulandum
1043 2734 1118 2789 erat

169 2844 233 2905 pro
252 2832 418 2907 tempore,
434 2832 474 2888 ut
495 2844 567 2906 pax
589 2824 745 2888 eeclesiae
767 2825 979 2888 redderetur.
1019 2823 1117 2907 Obji·

171 2924 219 2986 cit
235 2924 373 3000 iterum,
390 2923 499 3005 patris
522 2923 588 2986 sibi
605 2942 730 2986 nomen
750 2924 937 2999 ascribens,
954 2923 1046 3005 quod
1062 2943 1117 2986 ar·

171 3023 366 3102 rogantiam
393 3020 546 3084 redolere
570 3021 709 3086 videtur
738 3021 830 3102 quod
857 3021 920 3082 filii
949 3021 985 3082 in
1008 3022 1117 3101 patris

171 3120 428 3185 damnationem
449 3120 590 3183 minime
614 3120 805 3185 debuerant
828 3118 1033 3196 convenire3
1056 3119 1117 3182 sed

171 3221 401 3282 necessarium
426 3227 515 3297 erat,
542 3226 583 3282 ut
607 3219 718 3301 patris
748 3218 943 3298 superbiam
969 3216 1117 3280 filiorum

171 3317 349 3381 humilitas
368 3325 589 3400 temperaret,
602 3338 645 3381 ne
664 3323 744 3399 post
757 3322 890 3398 patrem
906 3316 943 3379 in
959 3315 1038 3378 filiis
1057 3335 1117 3396 pa·

170 3417 234 3481 tris
254 3417 371 3481 odium
388 3424 599 3499 parentaret.
638 3416 824 3480 Instabant
843 3421 959 3479 autem
983 3414 1027 3477 ad
1051 3414 1117 3479 hoc

170 3515 284 3579 nuntii
300 3517 466 3593 studiose,
478 3523 517 3580 ut
533 3517 603 3579 duo
620 3515 728 3596 legati
745 3514 962 3577 mitterentur
977 3532 999 3577 a
1014 3532 1117 3597 papa,

170 3616 231 3698 qui
246 3634 388 3693 causam
408 3615 669 3680 cantuariensis
688 3613 937 3694 archiepiscopi
955 3632 996 3677 ac
1014 3614 1116 3692 regis,

170 3715 263 3778 omni
287 3714 522 3796 appellatione
549 3721 692 3789 remota,
720 3710 916 3775 diffinirent.
968 3711 1116 3774 Demum

171 3813 288 3877 multis
311 3812 597 3896 promissionibus
619 3830 746 3893 papam
770 3810 908 3874 flectere
936 3810 1116 3886 curabant,

170 3919 211 3976 ut
227 3912 496 3976 consuetudines
511 3911 609 3993 regni
624 3907 763 3991 Angliae
779 3917 814 3973 et
828 3909 1017 3984 libertates,
1028 3926 1116 3990 quas

170 4031 233 4074 rex
251 4012 295 4074 ab
313 4029 380 4076 avo
397 4031 462 4074 suo
478 4029 559 4091 rege
580 4009 735 4072 Henrico
752 4007 902 4072 ‘avitas'
919 4006 1118 4088 appellabat

169 4109 371 4191 dignitates
380 4109 585 4174 confirmare
597 4115 631 4172 et
646 4108 831 4171 clementer
843 4105 1031 4169 concedere
1045 4105 1119 4187 dig·

964 4229 1014 4274 xi
