2820 4882
147 584 203 623 Ab.
215 586 271 624 110³.

310 384 375 448 174
568 402 702 448 nocnnr
728 402 774 447 nn
798 400 1005 448 wannovnn

310 579 432 623 manus
449 559 612 640 effugere,
636 559 772 623 amissis
799 561 969 635 omnibus,
996 559 1087 640 apud
1112 558 1262 623 'l'arsum

310 658 443 723 Ciliciae
475 667 722 736 convenerunt,
756 666 803 735 et,
834 659 996 723 defuncto
1027 659 1075 722 ibi
1109 657 1264 740 Hugone

310 778 437 838 magno
461 767 496 822 et
525 759 561 821 in
589 759 735 822 ecclesia
756 759 907 822 doctoris
932 759 1088 839 gentium
1114 758 1264 840 sepulto,

309 856 532 923 Antiochiam
551 858 696 939 profecti
710 865 804 935 sunt,
820 859 968 940 indeque
981 856 1262 941 Hierosolymam

309 957 515 1021 festinantes
532 957 719 1021 Tortosam
735 964 980 1039 pervenerunt,
995 958 1184 1039 urbemque
1199 959 1262 1022 ob·

309 1056 442 1122 sidione
463 1057 636 1122 vallantes
664 1057 755 1120 infra
781 1057 854 1120 dies
879 1075 1010 1139 paucos
1038 1057 1261 1121 obtinuenmt

310 1176 398 1230 eam,
435 1157 569 1221 civibus
603 1157 818 1239 interemptis
848 1165 909 1221 aut
947 1156 1155 1239 mancipatis
1184 1175 1262 1239 per-

309 1265 425 1339 petuae
442 1257 615 1320 servituti.

376 1429 464 1510 Quod
478 1451 532 1494 roc
544 1429 830 1513 Hierosolymorum
844 1438 905 1494 tres
921 1430 1060 1494 civitates
1070 1429 1195 1516 sadepit.

146 1562 294 1611 conquest-of
373 1553 446 1617 Sub
476 1554 529 1618 his
562 1574 701 1637 quoque
728 1554 849 1618 diebus
880 1555 916 1618 in
955 1563 1059 1637 portu
1088 1555 1261 1638 Joppensi

148 1611 251 1660 Bnldwin,

146 1662 200 1711 king
208 1663 232 1701 ot

145 1712 273 1752 Jerusalem.

309 1673 437 1734 magna
463 1653 487 1716 J
490 1653 693 1718 anuensinm
720 1654 832 1718 classe
860 1654 1020 1737 appulsa,
1049 1661 1084 1718 et
1108 1656 1145 1718 in
1172 1656 1261 1719 Pas·

308 1751 399 1816 chali
438 1748 658 1817 solemnitate
695 1753 978 1836 Hierosolymam
1017 1754 1259 1820 ascenderunt.

310 1851 446 1916 Horum
469 1873 532 1916 rex
550 1852 772 1917 Hierusalem
794 1852 1018 1917 Baldewinus
1040 1853 1150 1917 fultus
1173 1873 1259 1919 aux-

309 1952 369 2016 ilio
389 1947 518 2018 Assur¹
538 1952 704 2035 oppidum
726 1952 936 2017 maritimum
956 1953 1092 2017 obsedit
1114 1959 1150 2017 et
1172 1953 1259 2018 illud

307 2060 468 2133 potenter
482 2052 697 2136 subjugavit,
721 2060 769 2130 et,
784 2053 821 2115 in
839 2072 880 2116 eo
897 2053 1099 2116 custodibus
1117 2053 1259 2132 relictis,

309 2150 505 2216 Caesaream
529 2171 638 2235 usque
662 2153 839 2234 pervenit;
865 2171 969 2233 quarn
986 2172 1050 2216 rex
1065 2172 1143 2216 cum
1161 2172 1259 2236 mag-

308 2271 354 2315 no
368 2252 487 2316 labore
503 2271 644 2315 suorum
664 2251 841 2316 effractam
861 2251 1050 2333 ingressus,
1067 2251 1259 2318 intersectis

308 2351 454 2429 civibuS,
470 2352 582 2434 spolia
598 2352 724 2416 ibidem
738 2351 982 2433 impretiabilia
997 2351 1160 2428 obtinuit,
1177 2373 1257 2434 quae

308 2450 380 2514 suis
397 2452 591 2515 auxiliariis
608 2452 751 2533 largiter
764 2452 933 2533 erogavit.
986 2450 1073 2515 Erat
1087 2459 1204 2515 autem
1221 2453 1258 2517 in

308 2569 378 2613 una
397 2557 496 2633 parte
523 2550 627 2634 hujus
656 2551 810 2616 civitatis
834 2550 1000 2633 templum
1027 2550 1183 2627 deorum,
1211 2553 1256 2616 ad

307 2650 399 2731 qnod
425 2651 574 2734 populus
596 2671 703 2715 causa
728 2651 924 2715 obtinendae
938 2650 1072 2730 ,salutis
1091 2651 1257 2734 confuge-

306 2757 378 2828 rat3
402 2751 475 2827 sed,
486 2752 546 2815 illo
563 2751 752 2828 confracto,
763 2758 863 2814 tanta
877 2751 925 2814 ibi
940 2750 1181 2832 stragessacta
1189 2760 1255 2831 est,

307 2857 347 2914 ut
369 2850 492 2916 horror
512 2859 605 2916 esset
626 2851 816 2915 occisorum
840 2850 1095 2915 multitudinem
1115 2851 1255 2917 intueri.

308 2948 352 3012 ln
372 2951 433 3016 illo
455 2959 571 3016 autem
587 2951 739 3016 oratorio
755 2969 818 3014 vas
834 2949 1035 3014 viridissimi
1057 2951 1183 3015 coloris
1201 2972 1256 3016 re·

305 3059 441 3131 portum
459 3060 524 3130 est,
534 3053 571 3114 in
584 3051 722 3116 modum
738 3050 932 3132 paropsidis
948 3049 1146 3127 formatum,
1162 3053 1255 3132 quod

305 3149 329 3212 J
332 3170 501 3216 annenses
530 3150 790 3232 smaragdinum
817 3156 1019 3231 reputantes
1042 3169 1105 3232 pro
1127 3169 1256 3231 magna

303 3252 461 3332 pecuniae
489 3269 624 3314 summa
645 3256 860 3331 receperunt,
875 3256 917 3312 et
940 3268 1004 3331 pro
1029 3258 1156 3313 ornatu
1177 3271 1255 3332 pre·

305 3351 396 3415 tioso
428 3370 500 3415 suae
529 3350 615 3414 illud
648 3349 803 3413 ecclesiae
833 3349 1046 3412 obtulerunt.
1098 3347 1254 3415 Adducti

303 3459 387 3516 sunt
402 3458 516 3515 autem
542 3470 658 3514 coram
679 3469 760 3530 rege
783 3455 989 3530 procurator
1011 3448 1176 3526 civitatis,
1196 3452 1256 3533 qui

301 3548 423 3631 lingua
432 3570 550 3615 eorum
561 3549 668 3632 Emyr
681 3548 818 3625 dicitur,
828 3555 864 3612 et
875 3547 1058 3631 juridicus,
1069 3549 1130 3630 qui
1139 3541 1151 3580 ²
1160 3548 1253 3613 Cad-

302 3650 369 3713 mis
391 3651 644 3733 appellabatur,
667 3649 728 3731 qni
748 3667 809 3730 spe
829 3647 991 3711 maximae
1007 3648 1253 3730 redemptionis

242 3809 245 3815 .
303 3758 385 3814 sunt
409 3751 630 3833 compedibus
652 3748 852 3830 mancipati.
905 3747 986 3810 Rex
1012 3766 1095 3811 vero
1124 3749 1254 3814 consti-

340 3982 572 4048 'Assur.]‘Areur,
581 3982 703 4044 oppidum
712 3996 764 4029 ma·
788 3976 1096 4044 tipatrosieuppellatus.'
1116 3983 1255 4047 Will'l'yr,

302 4055 413 4103 ritimum
426 4089 464 4104 ...
476 4055 524 4103 Est
535 4058 619 4102 autem
631 4053 672 4101 hic
683 4052 765 4113 locus,
789 4067 815 4112 p.
827 4055 884 4100 ⁷8³.

297 4124 347 4184 'qui
364 4124 414 4172 alio
429 4124 527 4172 nomine
539 4121 703 4184 Antipatrida
719 4136 764 4183 ap·
824 4117 969 4184 'Cadmisd
992 4135 1021 4169 or
1043 4135 1112 4171 more
1133 4125 1254 4187 properly

302 4193 460 4255 pellatur,ab
469 4193 581 4242 Herodis
593 4192 764 4255 genitoreAn-
789 4190 899 4240 ‘Cadius
909 4191 926 4252 ;'
945 4191 1015 4240 Will.
1026 4191 1088 4251 Tyr.
