2820 4882
337 412 404 478 358
457 474 459 482 Α
591 429 724 477 norunt
749 428 796 476 nu
819 425 1027 475 wuunovnn

181 604 302 648 annu.
340 602 401 647 nes
428 583 627 667 juramento
654 583 821 659 firmatas,
847 601 917 646 non
946 581 1123 665 adjecistis
1156 602 1294 647 sumere

183 1394 225 1432 and
235 1392 296 1433 other

182 1443 269 1493 bishops
276 1455 282 1489 ε

341 690 478 748 scutum
495 682 587 760 fidei,
605 688 646 745 ut
662 683 801 745 staretis
820 701 883 763 pro
900 681 1002 745 domo
1023 682 1165 745 Domini
1181 684 1219 746 in
1239 683 1296 747 die

341 782 464 865 praelii.
506 779 574 859 Ne,
592 781 622 845 si
642 781 772 844 diutius
789 781 1010 859 tacuerimus,
1026 800 1096 845 una
1113 782 1294 847 vobiscum

343 883 378 945 in
398 881 454 944 die
469 880 592 964 judicii
613 879 845 943 damnationis
867 881 1041 945 sententia
1061 880 1295 959 involvamur,

343 979 552 1045 auctoritate
578 986 810 1044 sacrosanctae
839 979 1010 1043 Romanae
1040 978 1208 1056 ecclesiae,
1237 982 1296 1046 cui

344 1086 487 1143 auctore
516 1078 593 1145 Deo
620 1078 868 1155 ministramus,
895 1079 939 1141 ab
966 1079 1060 1142 omui
1086 1098 1149 1144 vos
1180 1078 1296 1144 officio

344 1178 551 1262 episcopalis
578 1178 819 1260 suspendimus
846 1176 1046 1260 dignitatis?
1073 1175 1182 1242 'Item
1211 1198 1298 1243 sane

344 1278 510 1356 Thomas,
528 1277 789 1342 cantuariensis
812 1276 1103 1362 archiepiscopus,
1125 1297 1188 1360 per
1209 1278 1299 1341 alias

345 1377 473 1442 domini
506 1396 607 1462 papae
643 1377 763 1440 literas
793 1375 973 1458 episcopos
1006 1375 1297 1455 Londoniensem,

346 1476 645 1555 Sarisbericnsem,
678 1474 1178 1552 Exoniensem,‘Cestrensem,
1207 1476 1297 1540 Rof-

334 1575 489 1651 famem,
510 1575 553 1639 de
570 1581 693 1639 sancto
712 1572 846 1656 Asaph,
865 1581 901 1638 et
925 1573 1201 1652 Laudavcnsem,
1217 1595 1298 1639 cum

347 1675 437 1753 aliis,
460 1675 520 1756 qui
541 1674 698 1757 praelatae
720 1673 936 1738 coronationi
955 1673 1182 1738 ministerium
1210 1694 1299 1757 prae·

345 1777 508 1851 buerunt,
538 1775 583 1837 ab
610 1773 703 1838 omni
728 1772 917 1855 episcopali
947 1773 1117 1854 dignitate
1141 1790 1203 1856 per
1232 1773 1298 1838 has

346 1873 465 1939 literas
487 1872 701 1956 subscriptas
718 1872 898 1954 suspendit
911 1891 920 1952 3
941 1871 1055 1950 ‘Quae
1071 1891 1179 1936 causa
1194 1892 1300 1938 vene·

346 1973 490 2037 rabilem
515 1972 656 2036 fratrem
680 1984 836 2036 nostrum
862 1971 1043 2049 Thomam,
1069 1970 1301 2037 Cantuarien·

347 2092 420 2136 scm
438 2071 733 2153 archiepiscopum
748 2077 784 2134 et
803 2070 895 2134 sedis
915 2069 1115 2153 apostolicae
1130 2072 1300 2154 legatum,

347 2191 370 2234 a
385 2190 450 2234 sua
466 2172 546 2235 sede
561 2171 721 2235 exsulare
738 2169 954 2251 compulerit,
969 2190 1039 2234 non
1056 2178 1194 2253 oportet
1209 2192 1301 2254 prae·

347 2270 503 2335 sentibus
526 2277 704 2348 annotare,
735 2269 898 2351 quoniam
926 2277 961 2334 et
984 2288 1047 2334 vos
1069 2272 1301 2352 praesentiali·

346 2378 401 2434 ter
422 2369 621 2452 aspexistis,
638 2377 674 2433 et
695 2368 731 2432 id
749 2388 811 2450 per
830 2375 941 2435 totam
962 2367 1034 2432 fere
1052 2370 1301 2435 occidentalem

347 2469 528 2533 ecclesiam
550 2468 643 2532 fama
663 2467 807 2531 celebris
827 2467 1031 2550 divulgavit.
1071 2468 1160 2532 Cum
1176 2477 1301 2534 'autem

345 2569 413 2650 piae
428 2568 601 2632 memoriae
614 2566 870 2643 Theodbaldus,
889 2565 1150 2632 cantuariensis
1166 2569 1302 2634 archie-

345 2668 520 2750 piscopus,
548 2666 781 2749 praedecessor
807 2665 911 2749 hujus
939 2666 1200 2750 archiepiscopi,
1222 2667 1302 2733 An-

346 2767 481 2848 glorum
495 2766 570 2848 regi
585 2785 747 2830 coronam
764 2765 978 2847 imposuerit,
993 2785 1034 2831 ac
1050 2786 1112 2849 per
1126 2766 1192 2832 hoc
1208 2768 1300 2834 Can-

347 2866 532 2929 tuariensis
550 2865 696 2930 ecclesia
712 2865 812 2947 quasi
834 2865 1086 2947 possessionem
1103 2866 1206 2958 hujus
1224 2868 1302 2952 dig.

347 2965 469 3028 uitatis
495 2964 666 3042 habuerit,
690 2984 753 3029 vos
777 2983 869 3029 nunc
897 2964 978 3029 novi
1003 2965 1095 3047 regis
1125 2969 1301 3034 coronati·

348 3065 419 3141 oni,
446 3063 704 3146 archiepiscopo
726 3084 795 3129 non
817 3064 1034 3145 praemonito,
1056 3065 1093 3127 in
1116 3065 1193 3148 ejus
1216 3087 1300 3149 pro·

348 3163 463 3227 vincia
492 3163 717 3228 ministerium
756 3164 922 3245 praehere,
954 3163 1065 3229 literis
1097 3167 1301 3246 apostolicis

347 3261 383 3324 id
401 3262 673 3344 prohibentibus,
690 3262 981 3345 praesumpsistis3
1005 3269 1052 3340 et,
1070 3264 1129 3344 qni
1145 3265 1303 3331 relevare

348 3361 457 3443 ipsius
481 3361 622 3426 exilium
648 3362 945 3443 qualibuscunque
966 3362 1100 3427 solatiis
1120 3362 1303 3447 debuistis,

350 3462 571 3543 aggravastis
599 3460 716 3543 potius
740 3479 880 3524 causam
901 3460 990 3544 ejus,
1014 3469 1050 3525 et
1075 3481 1180 3546 super
1201 3465 1301 3531 dolo-

348 3579 421 3622 rem
437 3560 619 3624 vulnerum
637 3560 723 3643 ejus,
741 3560 833 3643 quod
856 3567 1042 3624 moerentes
1064 3561 1222 3642 dicimus,
1237 3567 1301 3630 ad·

348 3657 493 3723 didistis.
540 3658 585 3722 In
611 3679 680 3741 quo
708 3658 814 3736 facto,
833 3658 863 3722 si
886 3666 1008 3725 contra
1030 3679 1197 3742 personas
1224 3685 1303 3730 ves-

349 3764 421 3821 tras
447 3777 515 3822 non
541 3764 709 3841 quantum
732 3759 835 3840 culpa
854 3757 967 3840 exigit
989 3776 1201 3840 moveamur,
1222 3783 1303 3846 per.

348 3857 496 3920 transire
513 3864 628 3920 tamen
647 3856 713 3921 hoc
733 3858 799 3920 sub
818 3857 956 3921 silentio
977 3877 1046 3920 non
1063 3859 1238 3940 dehemus,
1256 3884 1300 3930 ne

348 3955 449 4032 sorte,
470 3956 562 4038 quod
581 3955 753 4019 Dominus
773 3963 922 4034 avertat,
942 3964 977 4020 et
997 3977 1061 4022 nos
1084 3964 1119 4022 et
1138 3980 1203 4024 vos
1220 3981 1300 4027 sen·

348 4055 459 4117 tentia
484 4054 611 4119 divinae
637 4056 833 4120 severitatis
856 4055 1006 4135 addicat,
1031 4058 1061 4120 si
1087 4077 1140 4137 ea,
1164 4064 1300 4142 quaein

348 4153 457 4216 oculis
484 4155 635 4218 omnium
661 4172 842 4238 perperam
874 4162 954 4221 acta
984 4164 1077 4235 sunt,
1104 4160 1300 4240 neglexeri-
