2820 4882
323 385 389 450 338
583 405 716 452 rocam
740 407 787 453 nn
810 406 1018 454 wannovna

148 581 289 628 'annua
326 563 451 627 mentis
479 565 608 646 poterit
637 565 830 646 exprimere
859 567 1050 647 passiones,
1079 565 1180 649 eujus
1212 584 1276 647 pa·

327 672 380 728 ter
396 671 432 728 et
453 671 575 741 mater,
594 664 719 728 fratres
739 674 775 730 et
796 684 944 743 sorores,
967 673 1112 749 nepotes
1132 672 1167 729 et
1190 686 1275 747 nep·

327 772 392 840 teS,
415 764 531 827 cleriei
559 771 594 828 et
618 765 765 829 ministri
789 786 852 849 pro
883 785 924 829 eo
950 774 1035 830 sunt
1064 767 1101 830 in
1128 765 1272 830 exilium

326 862 431 945 pulsi,
457 863 601 946 etipse,
623 865 683 946 qui
705 872 776 928 tarn
797 867 986 930 reverenda
1008 867 1140 930 eratin
1162 865 1274 930 ecele-

328 963 382 1026 sia
409 963 477 1026 Dei
507 982 664 1044 persona,
689 984 813 1046 panem
842 984 943 1029 suum
972 966 1008 1029 in
1040 972 1134 1029 terra
1160 965 1276 1029 aliena

329 1082 405 1127 cum
426 1062 544 1126 dolore
565 1064 762 1146 compulsus
781 1072 835 1129 est
856 1065 1078 1130 mendicaret
1117 1065 1184 1130 Sed
1204 1065 1277 1129 for-

329 1169 435 1238 tasse,
458 1162 540 1243 quia
560 1182 661 1228 nemo
685 1172 827 1248 repente
852 1165 892 1229 fit
916 1185 1082 1242 summus,
1102 1165 1178 1229 haee
1198 1165 1276 1248 ejus

327 1261 469 1324 fuerunt
485 1269 660 1327 tormenta
679 1266 926 1345 praecurrentia
947 1264 992 1329 ad
1009 1265 1104 1329 illius
1121 1266 1276 1328 animum

328 1361 546 1424 solidandum
580 1370 617 1426 et
648 1364 870 1445 perferendas
899 1365 1057 1449 injurias,
1094 1384 1277 1447 quousque

328 1460 459 1524 strictis
482 1462 620 1526 ensibus
646 1463 690 1526 ad
719 1465 877 1548 martyrii
906 1465 1053 1547 gloriam
1078 1465 1276 1548 pertingere

328 1568 528 1637 mereretur,
546 1562 603 1625 cui
623 1562 776 1627 nondum
799 1572 914 1629 certus
935 1565 1050 1629 fuerat
1070 1565 1168 1629 locus
1186 1584 1279 1627 mar-

327 1660 409 1742 tyrii
431 1659 630 1742 deputatus.

394 1833 804 1919 Pompeianosque
822 1834 962 1909 Theious,
982 1834 1218 1900 Oooiaoriaueie

517 1933 774 2019 arciepiscopus,
790 1955 812 1996 o
826 1955 893 2018 repe
902 1933 1084 2018 postulauit.

167 2067 304 2160 gemm
396 2058 528 2123 Eodem
558 2078 662 2136 anno,
693 2056 783 2121 infra
813 2064 957 2122 octavos
990 2056 1083 2120 beati
1117 2054 1278 2134 Martini,

167 2170 307 2210 conciliatio·
328 2164 535 2240 procurante
556 2178 690 2222 summo
708 2157 883 2239 pontifice,
901 2150 1072 2220 ¹habitum
1094 2162 1147 2219 est
1169 2155 1278 2220 collo-

330 2259 448 2341 quium
468 2278 576 2342 prope
598 2257 753 2321 Parisius
771 2257 863 2320 inter
884 2256 983 2338 reges
1007 2256 1221 2319 Francorum
1240 2264 1278 2320 et

329 2356 536 2440 Anglorum‚
551 2358 612 2422 ubi
629 2377 783 2439 praesens
800 2356 867 2420 fuit
887 2355 1165 2438 archiepiscopus
1184 2354 1275 2419 Can-

329 2459 525 2535 mariensis,
540 2459 600 2521 sed
618 2477 656 2521 se
675 2457 875 2540 conspectui
890 2457 982 2539 regis
997 2455 1192 2536 Anglorum
1211 2455 1277 2519 mi·

330 2557 421 2621 nime
433 2557 680 2640 praesentavit3
704 2557 856 2621 obicum
873 2556 931 2619 diu
949 2561 1136 2620 tractatum
1152 2555 1278 2620 fuisset

329 2658 371 2721 de
386 2676 472 2740 pace
488 2656 707 2721 reformanda
723 2657 946 2737 interregem
959 2656 1154 2737 Anglorum
1169 2663 1205 2719 et
1222 2675 1278 2720 ar-

329 2757 583 2840 chiepiscopum
608 2756 904 2833 Cantuariensem,
926 2755 1017 2818 idem
1044 2755 1278 2838 archiepisco-

327 2876 406 2939 pus,
424 2876 486 2939 per
505 2857 686 2921 consilium
700 2857 793 2938 regis
811 2856 1023 2920 Francorum
1042 2863 1078 2920 et
1096 2856 1277 2939 episcopo-

328 2975 404 3020 rum
422 2964 457 3020 et
474 2975 654 3039 procerum
671 2955 732 3038 qui
746 2955 940 3032 adfuerant,
955 2955 1156 3037 petitionem
1174 2975 1276 3021 suam

327 3056 364 3120 in
384 3056 548 3120 schedula
569 3056 745 3120 redactam
765 3056 839 3137 regi
863 3053 1057 3137 Anglorum
1082 3057 1277 3121 transmisit

326 3155 402 3220 haec
417 3157 524 3220 verba
540 3156 795 3234 continentem
819 3154 922 3219 ‘Hoc
935 3156 1084 3236 petimus
1097 3174 1120 3219 a
1134 3154 1277 3221 domino

327 3263 445 3320 nostro
470 3275 564 3338 rege,
585 3255 693 3338 juxta
718 3254 901 3319 consilium
927 3263 963 3319 et
987 3255 1187 3318 mandatum
1211 3256 1275 3320 do-

326 3355 410 3418 mini
433 3375 546 3438 papae,
568 3362 750 3438 quatenus,
771 3375 835 3437 pro
860 3373 977 3418 amore
1000 3355 1066 3421 Dei
1086 3361 1122 3418 et
1143 3355 1275 3421 domini

324 3473 425 3537 papae
453 3462 488 3518 et
513 3455 643 3519 honore
666 3461 796 3518 sanctae
823 3454 978 3517 ecclesiae
1005 3462 1040 3518 et
1064 3454 1178 3518 solute
1207 3474 1274 3520 sua

323 3561 361 3618 et
390 3553 564 3618 haeredum
597 3574 750 3631 suorum,
781 3552 925 3636 recipiat
955 3573 1020 3617 nos
1051 3553 1089 3616 in
1122 3555 1275 3634 gratiam

322 3671 435 3731 suam,
453 3660 490 3717 et
504 3654 674 3719 concedat
693 3653 792 3717 nobis
810 3659 846 3718 et
865 3652 1036 3730 omnibus,
1052 3654 1113 3736 qui
1128 3673 1194 3736 pro
1209 3675 1274 3719 no-

322 3752 435 3828 biset
459 3754 639 3817 nobiscum
664 3753 824 3818 exierunt
850 3753 893 3816 de
915 3771 1025 3835 regno
1047 3773 1124 3830 suo,
1148 3773 1275 3836 pacem

321 3859 358 3918 et
379 3853 517 3935 plenam
543 3853 764 3917 securitatem
788 3852 833 3917 de
860 3872 898 3916 se
923 3859 959 3916 et
983 3852 1056 3917 suis
1077 3853 1152 3916 sine
1178 3855 1275 3919 malo

354 4055 493 4104 ¹Habitam
504 4060 541 4104 eet
550 4049 714 4123 colloquium]
733 4054 780 4104 Di·
804 4055 846 4103 the
858 4057 968 4118 meeting
978 4055 1073 4116 which,
1090 4058 1228 4122 according
1244 4065 1272 4110 to

317 4127 383 4185 oete,
404 4126 453 4174 ool.
475 4129 533 4175 5⁵⁰.
569 4125 694 4186 Compare
712 4125 779 4174 Fitz·
805 4124 928 4187 Gerrase,
942 4140 998 4174 was
1011 4125 1071 4175 held
1088 4131 1116 4178 at
1131 4127 1273 4180 Montrnar·

316 4192 438 4256 stophen,
448 4209 474 4256 p.
482 4199 522 4244 58.
549 4195 612 4243 This
623 4196 646 4244 is
657 4195 780 4257 probably
804 4199 858 4256 tre;
878 4196 926 4245 col.
942 4199 1013 4246 14⁰8.
