2820 4882
340 371 406 436 302
598 383 733 431 noennr
758 383 805 430 nn
827 381 1036 449 wuunovnn

176 558 240 648 &qt
241 559 329 648 Q.
340 541 446 624 cipiet
467 555 588 605 omnes
607 541 762 607 redditus
785 549 821 606 et
846 541 962 606 exitus
986 542 1077 605 sicut
1099 540 1292 604 dominicos

176 659 327 700 arctamur·
341 642 495 706 redditus
508 660 602 705 suos
655 642 702 706 Et
719 662 797 706 cum
814 648 957 706 ventum
974 640 1079 704 suerit
1097 639 1141 703 ad
1166 646 1290 703 cousu-

341 741 480 805 lendum
503 741 697 818 ecclesiam,
721 742 823 804 debet
848 741 1008 804 dominus
1033 759 1096 803 rex
1126 739 1292 802 mandare

340 842 491 923 potiores
509 859 677 921 personas
691 840 857 916 ecclesiae,
881 840 948 922 [et]
969 840 1005 902 iu
1028 839 1164 920 capella
1181 837 1294 919 ipsius

340 940 440 1021 regis
463 939 566 1003 debet
587 939 660 1002 fieri
683 939 817 1015 electio,
840 958 986 1003 assensu
1008 937 1118 1020 ipsius
1139 932 1233 1018 regis
1257 943 1294 1000 et

341 1038 485 1102 oonsilio
507 1057 732 1121 personarum
754 1036 865 1119 regni,
888 1057 976 1121 quas
999 1038 1043 1101 ad
1066 1037 1141 1100 baec
1163 1035 1293 1099 sacien-

341 1137 423 1200 dum
452 1137 696 1215 advocaverit3
729 1146 764 1201 et
789 1136 916 1201 ibidem
940 1137 1045 1200 faciet
1069 1136 1200 1199 electus
1227 1135 1291 1197 bo·

341 1235 493 1317 magium
516 1244 552 1301 et
578 1236 779 1301 fidelitatem
808 1237 894 1317 regi,
920 1237 1011 1301 sicut
1037 1235 1124 1316 *ligio
1151 1234 1293 1297 domino

341 1353 417 1412 suo,
435 1336 478 1399 de
493 1333 567 1400 vita
580 1355 645 1399 sua
660 1343 695 1400 et
711 1335 872 1399 membris
888 1342 925 1399 et
941 1336 985 1398 de
996 1334 1126 1398 bonore
1142 1340 1294 1410 terreno,

341 1432 440 1503 salvo
455 1434 574 1498 ordine
588 1455 665 1512 suo,
679 1434 881 1518 priusquam
897 1440 1126 1499 consecretur.

392 1532 429 1595 Si
445 1534 627 1616 quisquam
648 1534 690 1598 de
711 1534 910 1617 proceribus
931 1534 1029 1615 regni
1044 1530 1295 1595 disfortiaverit

342 1631 614 1714 archiepiscopo,
634 1633 690 1698 vel
708 1633 884 1716 episcopo,
905 1634 961 1697 vel
986 1631 1227 1695 archidiacono
1250 1630 1293 1692 de

342 1749 381 1793 se
402 1730 519 1796 suisve
535 1732 710 1815 justitiam
733 1732 906 1808 exhibere,
929 1732 1088 1796 dominus
1107 1749 1169 1793 rex
1191 1729 1295 1792 debet

307 1847 310 1851 ·
343 1848 403 1898 eos
429 1829 638 1914 justiciare3
676 1839 712 1896 et
741 1832 772 1895 si
800 1830 889 1895 sorte
921 1832 1048 1915 aliquis
1082 1829 1296 1893 dislortiaret

343 1929 481 1993 domino
510 1932 584 2012 regi
610 1931 849 1995 rectitudinem
881 1949 992 2008 suam,
1030 1927 1294 2010 archiepiscopi,

344 2029 497 2111 episcopi
528 2038 565 2094 et
591 2029 824 2093 archidiaconi
849 2028 975 2093 debent
1000 2048 1079 2092 eum
1098 2026 1295 2112 justiciore,

344 2135 385 2191 ut
400 2128 475 2210 regi
488 2128 693 2192 satisfaciat.

341 2259 347 2268 ·
396 2226 535 2291 Catalla
559 2247 689 2304 eorum,
718 2228 777 2309 qui
807 2232 888 2290 sunt
915 2225 952 2289 in
981 2224 1160 2289 forisfacto
1187 2223 1294 2305 regis,

345 2346 415 2389 non
451 2326 605 2390 detineat
635 2326 783 2391 ecclesia
814 2325 870 2390 vel
904 2324 1140 2388 coemeterium
1171 2331 1296 2387 contra
1368 2391 1372 2394 ,

340 2423 555 2508 justiciarios
574 2425 679 2507 regis,
701 2423 784 2507 quia
806 2424 917 2506 ipsius
935 2424 1026 2506 regis
1043 2430 1139 2500 sunt,
1160 2423 1236 2488 sive
1257 2423 1296 2487 iu

346 2524 500 2587 ecclesiis
515 2526 588 2588 sive
606 2532 706 2588 extra
718 2524 846 2588 fuerint
859 2524 1011 2588 inventa.

397 2622 533 2687 Placita
548 2624 590 2687 de
608 2624 744 2699 debitis,
762 2642 841 2705 quae
858 2622 926 2686 fide
939 2620 1151 2704 'interposita
1166 2620 1296 2684 deben-

345 2730 403 2785 tur
417 2722 473 2785 vel
487 2724 617 2804 absque
634 2722 896 2805 interpositione
912 2721 1004 2797 fidei,
1021 2720 1142 2784 sintin
1154 2719 1297 2803 justitia

222 2890 228 2898 ,
348 2839 451 2901 regis.
684 2839 686 2842 ⁴

399 2918 478 2982 Filii
489 2921 696 2983 rusticorum
707 2940 777 2983 non
787 2919 913 2983 debent
927 2917 1080 2982 ordinari
1095 2918 1228 2999 absque
1239 2934 1296 2980 as-

346 3036 450 3082 sensu
462 3018 593 3082 domini
606 3020 649 3082 de
664 3020 763 3102 cujus
779 3025 873 3082 terra
886 3017 962 3081 nati
976 3017 1238 3098 dignoscuntur.

354 3150 358 3154 ·
397 3117 503 3182 Hanc
516 3119 785 3201 recognitionem
798 3117 872 3180 sive
880 3115 1152 3180 recordationem
1160 3115 1205 3178 de
1216 3134 1295 3178 con·

347 3217 585 3281 suetudiuibus
609 3225 645 3281 ct
668 3217 886 3281 libertatibus
910 3216 1050 3299 iniquis,
1079 3221 1116 3279 et
1143 3214 1297 3295 dignita-

347 3316 440 3379 tibus
454 3316 531 3380 Deo
553 3315 827 3392 detestabilibus
845 3314 1107 3398 archiepiscopi,
1129 3313 1296 3396 episcopi,

348 3416 504 3492 abbates,
525 3416 669 3497 priores,
689 3416 815 3492 clerus,
833 3434 912 3479 cum
932 3413 1115 3478 comitibus
1133 3418 1168 3476 et
1191 3413 1296 3476 baro·

348 3515 448 3577 nibus
467 3533 508 3577 ac
524 3516 722 3597 proceribus
740 3515 886 3591 cunctis,
901 3515 1121 3599 juraverunt,
1138 3519 1174 3575 ct
1190 3511 1298 3574 firmi-

348 3619 401 3676 ter
428 3614 464 3675 in
489 3615 594 3677 verbo
614 3615 770 3678 veritatis
796 3614 1026 3695 promiserunt
1046 3613 1128 3677 viva
1150 3630 1235 3674 voce
1260 3628 1298 3673 se

347 3712 518 3775 tenendas
543 3719 578 3775 et
603 3711 836 3778 observandas
860 3712 1000 3777 domino
1025 3712 1100 3792 regi
1124 3716 1159 3773 et
1188 3709 1299 3773 baere-

348 3810 449 3874 dibus
474 3812 547 3874 suis
569 3813 661 3876 bona
685 3812 752 3877 fide
775 3819 810 3876 et
831 3814 963 3897 absque
985 3812 1076 3875 malo
1096 3810 1236 3891 iugenio
1260 3809 1298 3871 in

347 3917 564 3994 perpetuum.
