2820 4882
379 431 519 481 rnoans
541 431 810 481 fflsronmauu.
1003 415 1071 487 265

118 604 153 659 et
167 594 353 671 miseriam,
367 601 407 656 ut
421 593 481 656 diu
503 592 631 656 oblitus
653 591 700 655 sit
714 592 769 654 sui
787 589 979 675 Adjutoris,
995 592 1069 670 sed,
1082 610 1137 649 un.
1147 611 1204 649 uss.

120 696 196 759 Deo
214 695 354 758 tandem
369 693 466 756 illum
480 691 696 773 respiciente,
705 711 828 755 nomen
840 690 863 754 J
866 711 928 754 esu
940 690 1070 756 Christi
1081 660 1233 800 ffiii‘

120 795 296 859 invocavit
323 803 359 856 et
377 793 536 874 protinus
557 792 610 854 vis
638 791 786 854 dammae
807 811 885 855 eum
903 791 939 854 in
956 811 1070 856 aerem
1098 788 1104 799 '

121 913 257 958 sursum
290 892 434 968 levavit,
464 892 524 955 ubi
553 892 590 954 in
623 891 847 955 descensione
877 893 973 974 putei
1007 892 1070 956 ali·

121 993 286 1076 quamdiu
299 991 468 1056 attonitus
484 990 593 1054 stetit.
631 990 698 1054 Sed
708 1011 787 1055 ecce
799 992 881 1056 novi
897 991 1071 1057 daemones

121 1113 165 1163 ex
192 1113 252 1156 ore
276 1093 374 1175 putei
400 1097 663 1174 prorumpentes
689 1091 853 1155 dixerunt
876 1092 921 1168 ei,
944 1092 1012 1156 ‘Et
1032 1101 1073 1156 tu

120 1195 182 1276 qui
201 1193 258 1256 hic
279 1199 367 1270 stas,
387 1193 444 1254 cui
462 1191 547 1254 socii
565 1192 675 1254 nostri
697 1190 861 1255 dixerunt
882 1191 973 1254 hunc
995 1211 1072 1256 esse

122 1292 305 1373 infernum,
324 1311 395 1355 non
414 1291 466 1354 ita
484 1289 558 1354 fore
575 1291 666 1353 scias
681 1311 690 1369 ;
714 1310 795 1354 nam
814 1293 1071 1357 consuetudinis

123 1401 251 1457 nostrae
267 1399 320 1456 est
335 1410 472 1473 semper
488 1389 637 1466 mentiri,
652 1397 704 1467 ut,
719 1410 807 1474 quos
822 1391 980 1474 decipere
1002 1413 1072 1457 non

123 1510 307 1576 possumus
332 1511 403 1574 per.
426 1509 558 1565 verum,
589 1489 799 1572 decipiamus
830 1512 892 1574 per
921 1491 1070 1573 falsum3

122 1593 272 1656 hicnon
297 1587 542 1666 est'infernus‚
569 1588 630 1652 sed
653 1610 744 1653 nunc
769 1598 804 1654 te
831 1592 875 1654 ad
901 1591 1073 1657 infernum

123 1690 302 1756 ducimus?
382 1707 386 1712 '

324 1868 373 1930 De
383 1876 478 1952 ponte
491 1867 608 1945 stricto,
625 1864 743 1931 lubrico
759 1878 788 1931 et
800 1868 874 1933 alto.

189 1992 388 2068 Trahentes
418 1993 525 2073 igitur
559 1992 702 2057 militem
738 1993 856 2057 hostes
886 1995 966 2058 novi
996 2014 1073 2059 cum

123 2093 275 2156 tumultu
303 2092 485 2156 horrisono
507 2091 552 2155 ad
572 2092 701 2155 flumen
727 2093 900 2174 quoddam
916 2094 1073 2157 foetidum

123 2193 329 2256 latissimum
352 2211 393 2255 ac
415 2199 527 2255 totum
550 2191 688 2256 flamma
709 2193 898 2274 sulphureo
916 2193 1074 2261 incendio

124 2300 336 2375 coopertum,
363 2292 625 2374 daemonumque
649 2292 868 2356 multitudine
894 2293 1072 2375 repletum,

123 2393 311 2483 dicentium
334 2392 377 2469 ei,
397 2392 490 2475 quod
512 2394 577 2456 sub
605 2392 745 2455 flumine
771 2393 832 2456 illo
854 2400 946 2459 essct
967 2393 1072 2457 infer·

124 2512 201 2557 nus.
256 2491 352 2555 Pons
369 2512 452 2557 vero
473 2492 744 2573 protendebatur
761 2493 855 2556 ultra
875 2493 1014 2572 flumen,
1036 2495 1073 2561 in

124 2613 194 2675 quo
224 2593 292 2656 tria
318 2592 418 2674 quasi
445 2592 672 2674 impossibilia
694 2592 921 2673 videbantur3
953 2615 1072 2673 unum,

125 2693 217 2776 qnod
243 2693 294 2755 ita
320 2693 474 2755 lubricus
501 2698 588 2766 erat,
613 2699 664 2768 nt,
687 2692 822 2756 etiamsi
845 2694 937 2758 latus
970 2703 1071 2772 esset,

126 2793 242 2856 nullus
259 2792 316 2856 vel
331 2792 391 2855 vix
410 2791 536 2872 aliquis
552 2792 589 2853 in
605 2811 647 2855 eo
666 2792 787 2875 pedem
805 2793 910 2874 figere
931 2802 1070 2876 posset3

125 2893 232 2968 aliud,
259 2892 351 2974 quod
378 2892 465 2955 adeo
494 2892 635 2957 strictus
665 2900 752 2969 erat,
776 2893 869 2975 quod
894 2894 1010 2957 nullus
1035 2897 1072 2958 in

125 3013 165 3057 eo
182 2999 277 3056 stare
293 2992 348 3056 vel
366 2992 543 3055 ambulare
559 2993 722 3071 valebat3
748 2994 900 3071 tertium,
915 2994 1008 3076 quod
1022 2993 1073 3058 ita

124 3094 216 3157 altus
239 3101 293 3156 est
318 3100 353 3156 et
375 3111 397 3154 a
412 3092 552 3155 flumine
568 3102 732 3169 remotus,
754 3092 845 3173 quod
864 3092 1072 3157 horrendum

124 3200 201 3257 erat
228 3192 387 3256 deorsum
414 3192 578 3273 aspicere.
627 3190 797 3273 ‘Oportet
825 3192 884 3268 te‚'
911 3193 1073 3274 inquiunt

124 3295 310 3369 daemones,
328 3298 453 3374 ‘super
468 3298 607 3375 pontem
626 3291 718 3355 hunc
735 3292 920 3369 ambulare,
938 3301 973 3356 et
989 3313 1072 3357 ven-

126 3403 184 3458 tus
199 3393 269 3470 ille,
290 3393 351 3474 qni
371 3400 405 3457 te
425 3390 570 3473 projecit
592 3393 627 3454 in
648 3391 743 3456 aliud
761 3391 898 3469 flumen,
915 3393 1073 3478 projiciet

123 3495 161 3556 in
190 3492 308 3570 istud;
341 3499 376 3555 et
399 3490 578 3555 confestim
601 3511 622 3553 a
649 3492 753 3556 sociis
781 3493 927 3569 nostriS,'
949 3495 1009 3574 qui
1036 3494 1073 3558 in

127 3593 267 3656 flumine
298 3600 391 3667 sunt,
420 3591 566 3672 capieris
590 3598 625 3654 et
651 3592 686 3654 in
713 3591 920 3673 profundum
947 3593 1073 3657 inferni

122 3692 333 3773 demergeris
350 3691 368 3771 ;'
405 3691 464 3755 sed
493 3691 604 3768 miles„
632 3691 793 3756 invocato
823 3693 960 3757 nomine
985 3693 1009 3757 J
1012 3714 1073 3757 esu

126 3793 268 3869 Christi,
289 3799 429 3874 pontem
454 3791 619 3855 audacter
643 3790 817 3872 ingressus
838 3794 949 3878 coepit·
969 3781 1080 3876 pede·v

126 3894 250 3957 tentim
264 3911 369 3974 super
378 3899 519 3974 pontem
526 3892 696 3968 incedere,
711 3900 746 3955 et
755 3912 823 3975 quo
835 3894 984 3975 amplius
995 3912 1074 3976 pro-

127 3994 230 4057 cessit
248 3992 284 4055 in
308 4012 361 4069 eo,
381 3999 479 4056 tanto
498 3991 589 4055 viam
606 3992 789 4072 largiorem
815 3994 960 4071 invenit,
983 3995 1073 4058 unde

126 4093 241 4178 pontis
263 4092 412 4156 latitudo
433 4093 469 4154 in
489 4092 585 4156 brevi
611 4093 661 4156 ita
684 4093 803 4169 crevit,
827 4101 866 4155 ut
893 4094 959 4159 viae
985 4097 1073 4179 pub-

126 4193 201 4257 licae
224 4192 483 4275 amplitudinem
510 4192 699 4274 praeferret.
752 4192 862 4258 Porro
888 4194 1090 4275 daemones»
