<?xml version="1.0" encoding="UTF-8"?>
<!DOCTYPE html PUBLIC "-//W3C//DTD XHTML 1.0 Transitional//EN"
    "http://www.w3.org/TR/xhtml1/DTD/xhtml1-transitional.dtd">
<html xmlns="http://www.w3.org/1999/xhtml" xml:lang="en" lang="en">
 <head>
  <title>
</title>
<meta http-equiv="Content-Type" content="text/html;charset=utf-8" />
  <meta name='ocr-system' content='tesseract 3.04.00' />
  <meta name='ocr-capabilities' content='ocr_page ocr_carea ocr_par ocr_line ocrx_word'/>
</head>
<body>
  <div class='ocr_page' id='page_1' title='image "./rogeridewendove01rogegoog_0085.png"; bbox 0 0 2820 4882; ppageno 0'>
   <div class='ocr_carea' id='block_1_1' title="bbox 343 397 1032 461">
    <p class='ocr_par' dir='ltr' id='par_1_1' title="bbox 343 397 1032 461">
     <span class='ocr_line' id='line_1_1' title="bbox 343 397 1032 461; baseline -0.003 -1"><span class='ocrx_word' id='word_1_1' title='bbox 343 397 386 460; x_wconf 88' lang='grc'>74</span> <span class='ocrx_word' id='word_1_2' title='bbox 595 412 729 460; x_wconf 82' lang='lat' dir='ltr'>nocnru</span> <span class='ocrx_word' id='word_1_3' title='bbox 753 412 800 459; x_wconf 85' lang='lat' dir='ltr'>nn</span> <span class='ocrx_word' id='word_1_4' title='bbox 822 410 1032 461; x_wconf 79' lang='lat' dir='ltr'>wunnovna</span> 
     </span>
    </p>
   </div>
   <div class='ocr_carea' id='block_1_2' title="bbox 182 569 1297 654">
    <p class='ocr_par' dir='ltr' id='par_1_2' title="bbox 182 569 1297 654">
     <span class='ocr_line' id='line_1_2' title="bbox 182 569 1297 654; baseline -0.002 -20"><span class='ocrx_word' id='word_1_5' title='bbox 182 589 305 628; x_wconf 57' lang='lat' dir='ltr'>annosa</span> <span class='ocrx_word' id='word_1_6' title='bbox 345 571 412 635; x_wconf 81' lang='lat' dir='ltr'>viae</span> <span class='ocrx_word' id='word_1_7' title='bbox 438 573 668 649; x_wconf 84' lang='lat' dir='ltr'><strong>consortibus,</strong></span> <span class='ocrx_word' id='word_1_8' title='bbox 691 572 758 636; x_wconf 91' lang='lat' dir='ltr'>iter</span> <span class='ocrx_word' id='word_1_9' title='bbox 780 590 966 654; x_wconf 82' lang='lat' dir='ltr'>aggressus</span> <span class='ocrx_word' id='word_1_10' title='bbox 989 580 1051 636; x_wconf 88' lang='lat' dir='ltr'>est.</span> <span class='ocrx_word' id='word_1_11' title='bbox 1106 569 1215 634; x_wconf 80' lang='lat' dir='ltr'><strong>Erant</strong></span> <span class='ocrx_word' id='word_1_12' title='bbox 1231 587 1297 633; x_wconf 88' lang='lat' dir='ltr'>au·</span> 
     </span>
    </p>
   </div>
   <div class='ocr_carea' id='block_1_3' title="bbox 183 639 302 688">
    <p class='ocr_par' dir='ltr' id='par_1_3' title="bbox 183 639 302 688">
     <span class='ocr_line' id='line_1_3' title="bbox 183 639 302 688; baseline -0.008 -10"><span class='ocrx_word' id='word_1_13' title='bbox 183 639 269 688; x_wconf 79' lang='lat' dir='ltr'>History</span> <span class='ocrx_word' id='word_1_14' title='bbox 278 639 302 678; x_wconf 80' lang='lat' dir='ltr'>ol</span> 
     </span>
    </p>
   </div>
   <div class='ocr_carea' id='block_1_4' title="bbox 181 668 1297 756">
    <p class='ocr_par' dir='ltr' id='par_1_4' title="bbox 181 668 1297 756">
     <span class='ocr_line' id='line_1_4' title="bbox 181 668 1297 756; baseline -0.002 -21"><span class='ocrx_word' id='word_1_15' title='bbox 181 689 332 729; x_wconf 69' lang='lat' dir='ltr'>necturae</span> <span class='ocrx_word' id='word_1_16' title='bbox 347 680 415 736; x_wconf 93' lang='lat' dir='ltr'>tem</span> <span class='ocrx_word' id='word_1_17' title='bbox 441 673 501 755; x_wconf 94' lang='lat' dir='ltr'>qui</span> <span class='ocrx_word' id='word_1_18' title='bbox 518 692 555 736; x_wconf 90' lang='lat' dir='ltr'>sc</span> <span class='ocrx_word' id='word_1_19' title='bbox 571 673 622 736; x_wconf 93' lang='lat' dir='ltr'>illi</span> <span class='ocrx_word' id='word_1_20' title='bbox 644 672 901 756; x_wconf 82' lang='lat' dir='ltr'>conjunxerunt</span> <span class='ocrx_word' id='word_1_21' title='bbox 915 672 981 737; x_wconf 86' lang='lat' dir='ltr'>viri</span> <span class='ocrx_word' id='word_1_22' title='bbox 999 669 1144 749; x_wconf 89' lang='lat' dir='ltr'>nobiles,</span> <span class='ocrx_word' id='word_1_23' title='bbox 1167 668 1297 735; x_wconf 89' lang='lat' dir='ltr'>Balde·</span> 
     </span>
    </p>
   </div>
   <div class='ocr_carea' id='block_1_5' title="bbox 341 771 1299 3663">
    <p class='ocr_par' dir='ltr' id='par_1_5' title="bbox 341 771 1299 3663">
     <span class='ocr_line' id='line_1_5' title="bbox 346 771 1297 856; baseline -0.003 -19"><span class='ocrx_word' id='word_1_24' title='bbox 346 773 458 837; x_wconf 88' lang='lat' dir='ltr'>winus</span> <span class='ocrx_word' id='word_1_25' title='bbox 476 774 632 856; x_wconf 88' lang='lat' dir='ltr'>praedicti</span> <span class='ocrx_word' id='word_1_26' title='bbox 654 772 751 837; x_wconf 92' lang='lat' dir='ltr'>ducis</span> <span class='ocrx_word' id='word_1_27' title='bbox 766 773 873 838; x_wconf 88' lang='lat' dir='ltr'>frater</span> <span class='ocrx_word' id='word_1_28' title='bbox 888 773 1056 849; x_wconf 90' lang='lat' dir='ltr'>uterinus,</span> <span class='ocrx_word' id='word_1_29' title='bbox 1072 771 1297 836; x_wconf 87' lang='lat' dir='ltr'>Baldewinus</span> 
     </span>
     <span class='ocr_line' id='line_1_6' title="bbox 347 871 1296 956; baseline -0.002 -20"><span class='ocrx_word' id='word_1_30' title='bbox 347 872 607 939; x_wconf 88' lang='lat' dir='ltr'>Hamaucorum</span> <span class='ocrx_word' id='word_1_31' title='bbox 642 893 769 951; x_wconf 91' lang='lat' dir='ltr'>comes,</span> <span class='ocrx_word' id='word_1_32' title='bbox 805 873 914 956; x_wconf 85' lang='lat' dir='ltr'>Hugo</span> <span class='ocrx_word' id='word_1_33' title='bbox 942 891 1056 936; x_wconf 90' lang='lat' dir='ltr'>comes</span> <span class='ocrx_word' id='word_1_34' title='bbox 1086 872 1129 937; x_wconf 88' lang='lat' dir='ltr'>de</span> <span class='ocrx_word' id='word_1_35' title='bbox 1163 871 1296 936; x_wconf 89' lang='lat' dir='ltr'>Sancto</span> 
     </span>
     <span class='ocr_line' id='line_1_7' title="bbox 347 970 1296 1057; baseline -0.004 -19"><span class='ocrx_word' id='word_1_36' title='bbox 347 974 459 1039; x_wconf 88' lang='lat' dir='ltr'>Paulo</span> <span class='ocrx_word' id='word_1_37' title='bbox 477 980 512 1038; x_wconf 92' lang='lat' dir='ltr'>et</span> <span class='ocrx_word' id='word_1_38' title='bbox 528 975 779 1056; x_wconf 81' lang='lat' dir='ltr'>Engerammus</span> <span class='ocrx_word' id='word_1_39' title='bbox 794 974 886 1038; x_wconf 89' lang='lat' dir='ltr'>filius</span> <span class='ocrx_word' id='word_1_40' title='bbox 902 973 990 1057; x_wconf 87' lang='lat' dir='ltr'>ejus,</span> <span class='ocrx_word' id='word_1_41' title='bbox 1006 992 1121 1037; x_wconf 90' lang='lat' dir='ltr'>comes</span> <span class='ocrx_word' id='word_1_42' title='bbox 1139 971 1182 1036; x_wconf 90' lang='lat' dir='ltr'>de</span> <span class='ocrx_word' id='word_1_43' title='bbox 1202 970 1296 1036; x_wconf 88' lang='lat' dir='ltr'>Gres</span> 
     </span>
     <span class='ocr_line' id='line_1_8' title="bbox 347 1071 1297 1156; baseline -0.003 -18"><span class='ocrx_word' id='word_1_44' title='bbox 347 1073 550 1152; x_wconf 88' lang='lat' dir='ltr'>Gamerius,</span> <span class='ocrx_word' id='word_1_45' title='bbox 569 1073 787 1156; x_wconf 84' lang='lat' dir='ltr'>Reginaldus</span> <span class='ocrx_word' id='word_1_46' title='bbox 809 1093 923 1138; x_wconf 90' lang='lat' dir='ltr'>comes</span> <span class='ocrx_word' id='word_1_47' title='bbox 939 1072 1115 1137; x_wconf 84' lang='lat' dir='ltr'>Tullensis</span> <span class='ocrx_word' id='word_1_48' title='bbox 1135 1079 1171 1136; x_wconf 89' lang='lat' dir='ltr'>et</span> <span class='ocrx_word' id='word_1_49' title='bbox 1187 1071 1297 1136; x_wconf 86' lang='lat' dir='ltr'>frater</span> 
     </span>
     <span class='ocr_line' id='line_1_9' title="bbox 346 1172 1297 1258; baseline -0.004 -20"><span class='ocrx_word' id='word_1_50' title='bbox 346 1175 421 1258; x_wconf 91' lang='lat' dir='ltr'>ejus</span> <span class='ocrx_word' id='word_1_51' title='bbox 440 1174 578 1252; x_wconf 91' lang='lat' dir='ltr'>Petrus,</span> <span class='ocrx_word' id='word_1_52' title='bbox 597 1174 818 1238; x_wconf 88' lang='lat' dir='ltr'>Baldewinus</span> <span class='ocrx_word' id='word_1_53' title='bbox 840 1174 884 1238; x_wconf 90' lang='lat' dir='ltr'>de</span> <span class='ocrx_word' id='word_1_54' title='bbox 906 1174 1037 1256; x_wconf 85' lang='lat' dir='ltr'>Burgo,</span> <span class='ocrx_word' id='word_1_55' title='bbox 1053 1172 1229 1237; x_wconf 90' lang='lat' dir='ltr'>Henricus</span> <span class='ocrx_word' id='word_1_56' title='bbox 1250 1172 1297 1235; x_wconf 88' lang='lat' dir='ltr'>de</span> 
     </span>
     <span class='ocr_line' id='line_1_10' title="bbox 346 1271 1298 1358; baseline -0.004 -19"><span class='ocrx_word' id='word_1_57' title='bbox 346 1274 475 1353; x_wconf 89' lang='lat' dir='ltr'>Ascba,</span> <span class='ocrx_word' id='word_1_58' title='bbox 502 1274 711 1340; x_wconf 85' lang='lat' dir='ltr'>Godefridus</span> <span class='ocrx_word' id='word_1_59' title='bbox 736 1274 844 1338; x_wconf 84' lang='lat' dir='ltr'>irater</span> <span class='ocrx_word' id='word_1_60' title='bbox 869 1274 957 1358; x_wconf 88' lang='lat' dir='ltr'>ejus,</span> <span class='ocrx_word' id='word_1_61' title='bbox 983 1273 1085 1338; x_wconf 93' lang='lat' dir='ltr'>Dodo</span> <span class='ocrx_word' id='word_1_62' title='bbox 1117 1273 1159 1336; x_wconf 92' lang='lat' dir='ltr'>de</span> <span class='ocrx_word' id='word_1_63' title='bbox 1188 1271 1298 1349; x_wconf 85' lang='lat' dir='ltr'>Cous,</span> 
     </span>
     <span class='ocr_line' id='line_1_11' title="bbox 347 1373 1297 1458; baseline -0.002 -20"><span class='ocrx_word' id='word_1_64' title='bbox 347 1374 444 1439; x_wconf 85' lang='lat' dir='ltr'>Cono</span> <span class='ocrx_word' id='word_1_65' title='bbox 466 1376 508 1439; x_wconf 93' lang='lat' dir='ltr'>de</span> <span class='ocrx_word' id='word_1_66' title='bbox 537 1376 659 1439; x_wconf 84' lang='lat' dir='ltr'><strong>Monte</strong></span> <span class='ocrx_word' id='word_1_67' title='bbox 684 1382 809 1454; x_wconf 92' lang='lat' dir='ltr'>acuto;</span> <span class='ocrx_word' id='word_1_68' title='bbox 842 1394 931 1458; x_wconf 94' lang='lat' dir='ltr'>quos</span> <span class='ocrx_word' id='word_1_69' title='bbox 957 1375 1191 1457; x_wconf 84' lang='lat' dir='ltr'>sequebantur</span> <span class='ocrx_word' id='word_1_70' title='bbox 1219 1373 1297 1436; x_wconf 90' lang='lat' dir='ltr'>Fri-</span> 
     </span>
     <span class='ocr_line' id='line_1_12' title="bbox 346 1474 1294 1557; baseline -0.004 -18"><span class='ocrx_word' id='word_1_71' title='bbox 346 1495 461 1552; x_wconf 91' lang='lat' dir='ltr'>sones,</span> <span class='ocrx_word' id='word_1_72' title='bbox 475 1475 645 1553; x_wconf 79' lang='lat' dir='ltr'>Saxones,</span> <span class='ocrx_word' id='word_1_73' title='bbox 666 1475 883 1557; x_wconf 82' lang='lat' dir='ltr'>Lotharingi,</span> <span class='ocrx_word' id='word_1_74' title='bbox 904 1483 939 1539; x_wconf 90' lang='lat' dir='ltr'>et</span> <span class='ocrx_word' id='word_1_75' title='bbox 956 1474 1118 1557; x_wconf 91' lang='lat' dir='ltr'>quicquid</span> <span class='ocrx_word' id='word_1_76' title='bbox 1138 1474 1294 1556; x_wconf 83' lang='lat' dir='ltr'>gentium</span> 
     </span>
     <span class='ocr_line' id='line_1_13' title="bbox 341 1573 1297 1659; baseline -0.003 -20"><span class='ocrx_word' id='word_1_77' title='bbox 341 1575 437 1659; x_wconf 89' lang='lat' dir='ltr'>jacet</span> <span class='ocrx_word' id='word_1_78' title='bbox 459 1577 550 1640; x_wconf 92' lang='lat' dir='ltr'>inter</span> <span class='ocrx_word' id='word_1_79' title='bbox 576 1576 700 1640; x_wconf 89' lang='lat' dir='ltr'>fluvios</span> <span class='ocrx_word' id='word_1_80' title='bbox 726 1574 886 1639; x_wconf 90' lang='lat' dir='ltr'>Rhenum</span> <span class='ocrx_word' id='word_1_81' title='bbox 907 1582 942 1640; x_wconf 88' lang='lat' dir='ltr'>et</span> <span class='ocrx_word' id='word_1_82' title='bbox 966 1574 1190 1639; x_wconf 76' lang='lat' dir='ltr'>Garumnam.</span> <span class='ocrx_word' id='word_1_83' title='bbox 1244 1573 1297 1636; x_wconf 93' lang='lat' dir='ltr'>Hi</span> 
     </span>
     <span class='ocr_line' id='line_1_14' title="bbox 347 1672 1297 1757; baseline -0.004 -17"><span class='ocrx_word' id='word_1_84' title='bbox 347 1695 465 1740; x_wconf 90' lang='lat' dir='ltr'>omnes</span> <span class='ocrx_word' id='word_1_85' title='bbox 490 1676 667 1740; x_wconf 88' lang='lat' dir='ltr'>individuo</span> <span class='ocrx_word' id='word_1_86' title='bbox 693 1676 861 1740; x_wconf 90' lang='lat' dir='ltr'>comitatu</span> <span class='ocrx_word' id='word_1_87' title='bbox 893 1676 1089 1740; x_wconf 87' lang='lat' dir='ltr'>incedentes</span> <span class='ocrx_word' id='word_1_88' title='bbox 1116 1694 1179 1757; x_wconf 89' lang='lat' dir='ltr'>per</span> <span class='ocrx_word' id='word_1_89' title='bbox 1201 1672 1297 1737; x_wconf 85' lang='lat' dir='ltr'>Aus-</span> 
     </span>
     <span class='ocr_line' id='line_1_15' title="bbox 347 1773 1298 1858; baseline -0.001 -19"><span class='ocrx_word' id='word_1_90' title='bbox 347 1776 423 1840; x_wconf 87' lang='lat' dir='ltr'>triae</span> <span class='ocrx_word' id='word_1_91' title='bbox 440 1776 653 1858; x_wconf 86' lang='lat' dir='ltr'>provinciam</span> <span class='ocrx_word' id='word_1_92' title='bbox 669 1783 704 1840; x_wconf 88' lang='lat' dir='ltr'>et</span> <span class='ocrx_word' id='word_1_93' title='bbox 718 1775 950 1858; x_wconf 84' lang='lat' dir='ltr'>Hungariam,</span> <span class='ocrx_word' id='word_1_94' title='bbox 966 1776 1041 1858; x_wconf 86' lang='lat' dir='ltr'>regi</span> <span class='ocrx_word' id='word_1_95' title='bbox 1056 1773 1147 1838; x_wconf 92' lang='lat' dir='ltr'>datis</span> <span class='ocrx_word' id='word_1_96' title='bbox 1169 1774 1298 1838; x_wconf 92' lang='lat' dir='ltr'>obsidi-</span> 
     </span>
     <span class='ocr_line' id='line_1_16' title="bbox 346 1874 1297 1959; baseline -0.002 -19"><span class='ocrx_word' id='word_1_97' title='bbox 346 1879 424 1953; x_wconf 89' lang='lat' dir='ltr'>bus,</span> <span class='ocrx_word' id='word_1_98' title='bbox 445 1877 490 1940; x_wconf 89' lang='lat' dir='ltr'>ad</span> <span class='ocrx_word' id='word_1_99' title='bbox 506 1876 767 1959; x_wconf 84' lang='lat' dir='ltr'>Belligraviam,</span> <span class='ocrx_word' id='word_1_100' title='bbox 784 1876 960 1958; x_wconf 83' lang='lat' dir='ltr'>Bulgariae</span> <span class='ocrx_word' id='word_1_101' title='bbox 978 1875 1154 1958; x_wconf 92' lang='lat' dir='ltr'>oppidum,</span> <span class='ocrx_word' id='word_1_102' title='bbox 1169 1881 1205 1938; x_wconf 88' lang='lat' dir='ltr'>et</span> <span class='ocrx_word' id='word_1_103' title='bbox 1215 1874 1297 1938; x_wconf 89' lang='lat' dir='ltr'>inde</span> 
     </span>
     <span class='ocr_line' id='line_1_17' title="bbox 348 1973 1297 2059; baseline -0.003 -19"><span class='ocrx_word' id='word_1_104' title='bbox 348 1978 392 2041; x_wconf 94' lang='lat' dir='ltr'>ad</span> <span class='ocrx_word' id='word_1_105' title='bbox 409 1975 477 2040; x_wconf 86' lang='lat' dir='ltr'>Niz</span> <span class='ocrx_word' id='word_1_106' title='bbox 501 1984 535 2041; x_wconf 94' lang='lat' dir='ltr'>et</span> <span class='ocrx_word' id='word_1_107' title='bbox 553 1977 748 2041; x_wconf 80' lang='lat' dir='ltr'>straliciam</span> <span class='ocrx_word' id='word_1_108' title='bbox 772 1983 1025 2059; x_wconf 85' lang='lat' dir='ltr'>pervenerunt3</span> <span class='ocrx_word' id='word_1_109' title='bbox 1048 1975 1129 2039; x_wconf 91' lang='lat' dir='ltr'>inde</span> <span class='ocrx_word' id='word_1_110' title='bbox 1154 1973 1199 2038; x_wconf 87' lang='lat' dir='ltr'>ad</span> <span class='ocrx_word' id='word_1_111' title='bbox 1221 1974 1297 2038; x_wconf 92' lang='lat' dir='ltr'>Da-</span> 
     </span>
     <span class='ocr_line' id='line_1_18' title="bbox 348 2075 1297 2159; baseline -0.003 -18"><span class='ocrx_word' id='word_1_112' title='bbox 348 2078 437 2141; x_wconf 91' lang='lat' dir='ltr'>ciam</span> <span class='ocrx_word' id='word_1_113' title='bbox 456 2076 753 2154; x_wconf 80' lang='lat' dir='ltr'>mediterraneam,</span> <span class='ocrx_word' id='word_1_114' title='bbox 769 2097 847 2159; x_wconf 89' lang='lat' dir='ltr'>quae</span> <span class='ocrx_word' id='word_1_115' title='bbox 862 2076 932 2140; x_wconf 89' lang='lat' dir='ltr'>alio</span> <span class='ocrx_word' id='word_1_116' title='bbox 955 2076 1092 2140; x_wconf 88' lang='lat' dir='ltr'>nomine</span> <span class='ocrx_word' id='word_1_117' title='bbox 1115 2075 1229 2139; x_wconf 90' lang='lat' dir='ltr'>Mesia</span> <span class='ocrx_word' id='word_1_118' title='bbox 1244 2075 1297 2138; x_wconf 93' lang='lat' dir='ltr'>di·</span> 
     </span>
     <span class='ocr_line' id='line_1_19' title="bbox 348 2171 1297 2256; baseline -0.003 -14"><span class='ocrx_word' id='word_1_119' title='bbox 348 2177 449 2256; x_wconf 89' lang='lat' dir='ltr'>citur,</span> <span class='ocrx_word' id='word_1_120' title='bbox 468 2185 503 2242; x_wconf 88' lang='lat' dir='ltr'>et</span> <span class='ocrx_word' id='word_1_121' title='bbox 518 2179 562 2242; x_wconf 93' lang='lat' dir='ltr'>ad</span> <span class='ocrx_word' id='word_1_122' title='bbox 585 2171 755 2242; x_wconf 86' lang='lat' dir='ltr'>¹claustra</span> <span class='ocrx_word' id='word_1_123' title='bbox 770 2177 883 2241; x_wconf 88' lang='lat' dir='ltr'>sancti</span> <span class='ocrx_word' id='word_1_124' title='bbox 897 2175 1020 2240; x_wconf 91' lang='lat' dir='ltr'>Basilii</span> <span class='ocrx_word' id='word_1_125' title='bbox 1037 2175 1297 2253; x_wconf 86' lang='lat' dir='ltr'>descendentes,</span> 
     </span>
     <span class='ocr_line' id='line_1_20' title="bbox 349 2275 1297 2361; baseline -0.003 -20"><span class='ocrx_word' id='word_1_126' title='bbox 349 2277 573 2361; x_wconf 90' lang='lat' dir='ltr'>Philippolim</span> <span class='ocrx_word' id='word_1_127' title='bbox 599 2278 717 2341; x_wconf 91' lang='lat' dir='ltr'>urbem</span> <span class='ocrx_word' id='word_1_128' title='bbox 742 2277 890 2341; x_wconf 93' lang='lat' dir='ltr'>nobilem</span> <span class='ocrx_word' id='word_1_129' title='bbox 914 2284 949 2340; x_wconf 91' lang='lat' dir='ltr'>et</span> <span class='ocrx_word' id='word_1_130' title='bbox 971 2277 1146 2359; x_wconf 83' lang='lat' dir='ltr'>copiosam</span> <span class='ocrx_word' id='word_1_131' title='bbox 1169 2275 1297 2357; x_wconf 81' lang='lat' dir='ltr'>attige-</span> 
     </span>
     <span class='ocr_line' id='line_1_21' title="bbox 348 2375 1298 2460; baseline 0 -20"><span class='ocrx_word' id='word_1_132' title='bbox 348 2385 451 2458; x_wconf 86' lang='lat' dir='ltr'>runt3</span> <span class='ocrx_word' id='word_1_133' title='bbox 478 2379 536 2441; x_wconf 91' lang='lat' dir='ltr'>ubi</span> <span class='ocrx_word' id='word_1_134' title='bbox 559 2379 700 2460; x_wconf 85' lang='lat' dir='ltr'>cognito</span> <span class='ocrx_word' id='word_1_135' title='bbox 717 2378 808 2460; x_wconf 91' lang='lat' dir='ltr'>quod</span> <span class='ocrx_word' id='word_1_136' title='bbox 829 2377 938 2459; x_wconf 84' lang='lat' dir='ltr'>Hugo</span> <span class='ocrx_word' id='word_1_137' title='bbox 961 2396 1121 2459; x_wconf 84' lang='lat' dir='ltr'>magnus,</span> <span class='ocrx_word' id='word_1_138' title='bbox 1142 2375 1298 2458; x_wconf 91' lang='lat' dir='ltr'>Philippi</span> 
     </span>
     <span class='ocr_line' id='line_1_22' title="bbox 349 2476 1298 2559; baseline -0.001 -18"><span class='ocrx_word' id='word_1_139' title='bbox 349 2479 441 2559; x_wconf 84' lang='lat' dir='ltr'>regis</span> <span class='ocrx_word' id='word_1_140' title='bbox 466 2478 679 2542; x_wconf 90' lang='lat' dir='ltr'>Francorum</span> <span class='ocrx_word' id='word_1_141' title='bbox 696 2477 816 2556; x_wconf 81' lang='lat' dir='ltr'>frater,</span> <span class='ocrx_word' id='word_1_142' title='bbox 838 2497 915 2542; x_wconf 91' lang='lat' dir='ltr'>cum</span> <span class='ocrx_word' id='word_1_143' title='bbox 933 2477 1011 2541; x_wconf 89' lang='lat' dir='ltr'>aliis</span> <span class='ocrx_word' id='word_1_144' title='bbox 1027 2476 1233 2559; x_wconf 90' lang='lat' dir='ltr'>quibusdam</span> <span class='ocrx_word' id='word_1_145' title='bbox 1251 2477 1298 2540; x_wconf 87' lang='lat' dir='ltr'>ab</span> 
     </span>
     <span class='ocr_line' id='line_1_23' title="bbox 350 2577 1297 2661; baseline -0.001 -21"><span class='ocrx_word' id='word_1_146' title='bbox 350 2579 556 2661; x_wconf 88' lang='lat' dir='ltr'>imperatore</span> <span class='ocrx_word' id='word_1_147' title='bbox 566 2578 694 2643; x_wconf 85' lang='lat' dir='ltr'>Alexio</span> <span class='ocrx_word' id='word_1_148' title='bbox 709 2579 745 2642; x_wconf 95' lang='lat' dir='ltr'>in</span> <span class='ocrx_word' id='word_1_149' title='bbox 757 2579 904 2642; x_wconf 89' lang='lat' dir='ltr'>vinculis</span> <span class='ocrx_word' id='word_1_150' title='bbox 913 2585 1101 2655; x_wconf 90' lang='lat' dir='ltr'>teneretur,</span> <span class='ocrx_word' id='word_1_151' title='bbox 1116 2577 1189 2640; x_wconf 86' lang='lat' dir='ltr'>dux</span> <span class='ocrx_word' id='word_1_152' title='bbox 1196 2594 1297 2659; x_wconf 81' lang='lat' dir='ltr'>mag-</span> 
     </span>
     <span class='ocr_line' id='line_1_24' title="bbox 349 2677 1297 2761; baseline -0.002 -19"><span class='ocrx_word' id='word_1_153' title='bbox 349 2678 471 2742; x_wconf 88' lang='lat' dir='ltr'>nificus</span> <span class='ocrx_word' id='word_1_154' title='bbox 490 2677 712 2757; x_wconf 76' lang='lat' dir='ltr'>GodefriduS,</span> <span class='ocrx_word' id='word_1_155' title='bbox 728 2679 843 2743; x_wconf 89' lang='lat' dir='ltr'>missis</span> <span class='ocrx_word' id='word_1_156' title='bbox 867 2679 1005 2759; x_wconf 80' lang='lat' dir='ltr'>legatie,</span> <span class='ocrx_word' id='word_1_157' title='bbox 1028 2684 1130 2761; x_wconf 85' lang='lat' dir='ltr'>rogat</span> <span class='ocrx_word' id='word_1_158' title='bbox 1145 2684 1186 2741; x_wconf 91' lang='lat' dir='ltr'>ut</span> <span class='ocrx_word' id='word_1_159' title='bbox 1202 2677 1297 2741; x_wconf 85' lang='lat' dir='ltr'>viros</span> 
     </span>
     <span class='ocr_line' id='line_1_25' title="bbox 349 2777 1298 2862; baseline -0.002 -20"><span class='ocrx_word' id='word_1_160' title='bbox 349 2780 534 2861; x_wconf 89' lang='lat' dir='ltr'>praedictos</span> <span class='ocrx_word' id='word_1_161' title='bbox 550 2787 584 2844; x_wconf 93' lang='lat' dir='ltr'>et</span> <span class='ocrx_word' id='word_1_162' title='bbox 601 2780 873 2862; x_wconf 82' lang='lat' dir='ltr'>crucesignatos</span> <span class='ocrx_word' id='word_1_163' title='bbox 890 2778 1023 2843; x_wconf 92' lang='lat' dir='ltr'>solutos</span> <span class='ocrx_word' id='word_1_164' title='bbox 1037 2777 1132 2842; x_wconf 89' lang='lat' dir='ltr'>abire</span> <span class='ocrx_word' id='word_1_165' title='bbox 1155 2777 1298 2861; x_wconf 88' lang='lat' dir='ltr'>permit·</span> 
     </span>
     <span class='ocr_line' id='line_1_26' title="bbox 349 2873 1298 2962; baseline -0.003 -19"><span class='ocrx_word' id='word_1_166' title='bbox 349 2885 413 2944; x_wconf 89' lang='lat' dir='ltr'>tat.</span> <span class='ocrx_word' id='word_1_167' title='bbox 446 2873 659 2944; x_wconf 84' lang='lat' dir='ltr'>²Praedictus</span> <span class='ocrx_word' id='word_1_168' title='bbox 671 2879 762 2943; x_wconf 94' lang='lat' dir='ltr'>enim</span> <span class='ocrx_word' id='word_1_169' title='bbox 774 2879 895 2962; x_wconf 85' lang='lat' dir='ltr'>Hugo,</span> <span class='ocrx_word' id='word_1_170' title='bbox 904 2877 1123 2956; x_wconf 86' lang='lat' dir='ltr'>virillustris,</span> <span class='ocrx_word' id='word_1_171' title='bbox 1133 2878 1233 2961; x_wconf 87' lang='lat' dir='ltr'>quasi</span> <span class='ocrx_word' id='word_1_172' title='bbox 1244 2878 1298 2941; x_wconf 91' lang='lat' dir='ltr'>in·</span> 
     </span>
     <span class='ocr_line' id='line_1_27' title="bbox 350 2978 1299 3062; baseline -0.002 -19"><span class='ocrx_word' id='word_1_173' title='bbox 350 2986 405 3043; x_wconf 91' lang='lat' dir='ltr'>ter</span> <span class='ocrx_word' id='word_1_174' title='bbox 417 2980 546 3062; x_wconf 92' lang='lat' dir='ltr'>primos</span> <span class='ocrx_word' id='word_1_175' title='bbox 564 2980 630 3044; x_wconf 86' lang='lat' dir='ltr'>iter</span> <span class='ocrx_word' id='word_1_176' title='bbox 644 2997 843 3062; x_wconf 66' lang='lat' dir='ltr'>aggressus</span> <span class='ocrx_word' id='word_1_177' title='bbox 858 2978 1007 3061; x_wconf 89' lang='lat' dir='ltr'>Alpibus</span> <span class='ocrx_word' id='word_1_178' title='bbox 1022 2979 1245 3055; x_wconf 87' lang='lat' dir='ltr'>transcensis,</span> <span class='ocrx_word' id='word_1_179' title='bbox 1261 2979 1299 3042; x_wconf 91' lang='lat' dir='ltr'>in</span> 
     </span>
     <span class='ocr_line' id='line_1_28' title="bbox 350 3077 1297 3162; baseline 0 -19"><span class='ocrx_word' id='word_1_180' title='bbox 350 3077 514 3162; x_wconf 89' lang='lat' dir='ltr'>Apuliam</span> <span class='ocrx_word' id='word_1_181' title='bbox 538 3099 600 3162; x_wconf 89' lang='lat' dir='ltr'>per</span> <span class='ocrx_word' id='word_1_182' title='bbox 617 3079 757 3145; x_wconf 90' lang='lat' dir='ltr'>Italiam</span> <span class='ocrx_word' id='word_1_183' title='bbox 773 3080 1008 3157; x_wconf 89' lang='lat' dir='ltr'>descenderat,</span> <span class='ocrx_word' id='word_1_184' title='bbox 1023 3088 1058 3144; x_wconf 88' lang='lat' dir='ltr'>et</span> <span class='ocrx_word' id='word_1_185' title='bbox 1073 3098 1151 3143; x_wconf 95' lang='lat' dir='ltr'>cum</span> <span class='ocrx_word' id='word_1_186' title='bbox 1167 3079 1297 3160; x_wconf 83' lang='lat' dir='ltr'>exiguo</span> 
     </span>
     <span class='ocr_line' id='line_1_29' title="bbox 350 3180 1298 3264; baseline -0.003 -19"><span class='ocrx_word' id='word_1_187' title='bbox 350 3181 515 3245; x_wconf 90' lang='lat' dir='ltr'>comitatu</span> <span class='ocrx_word' id='word_1_188' title='bbox 533 3182 625 3263; x_wconf 90' lang='lat' dir='ltr'>apud</span> <span class='ocrx_word' id='word_1_189' title='bbox 641 3180 872 3264; x_wconf 88' lang='lat' dir='ltr'>Dyrrachium</span> <span class='ocrx_word' id='word_1_190' title='bbox 893 3199 987 3243; x_wconf 90' lang='lat' dir='ltr'>mare</span> <span class='ocrx_word' id='word_1_191' title='bbox 1014 3180 1187 3244; x_wconf 90' lang='lat' dir='ltr'>transiens</span> <span class='ocrx_word' id='word_1_192' title='bbox 1214 3180 1298 3243; x_wconf 91' lang='lat' dir='ltr'>sub·</span> 
     </span>
     <span class='ocr_line' id='line_1_30' title="bbox 350 3281 1297 3364; baseline -0.001 -20"><span class='ocrx_word' id='word_1_193' title='bbox 350 3282 498 3359; x_wconf 85' lang='lat' dir='ltr'>stiterat,</span> <span class='ocrx_word' id='word_1_194' title='bbox 516 3283 717 3364; x_wconf 85' lang='lat' dir='ltr'>peregrinos</span> <span class='ocrx_word' id='word_1_195' title='bbox 741 3282 800 3364; x_wconf 92' lang='lat' dir='ltr'>qui</span> <span class='ocrx_word' id='word_1_196' title='bbox 817 3281 1052 3364; x_wconf 88' lang='lat' dir='ltr'>sequebantur</span> <span class='ocrx_word' id='word_1_197' title='bbox 1065 3287 1297 3362; x_wconf 83' lang='lat' dir='ltr'>exspectans3</span> 
     </span>
     <span class='ocr_line' id='line_1_31' title="bbox 350 3381 1298 3464; baseline 0 -20"><span class='ocrx_word' id='word_1_198' title='bbox 350 3382 409 3445; x_wconf 93' lang='lat' dir='ltr'>ubi</span> <span class='ocrx_word' id='word_1_199' title='bbox 424 3401 446 3445; x_wconf 93' lang='lat' dir='ltr'>a</span> <span class='ocrx_word' id='word_1_200' title='bbox 460 3382 607 3464; x_wconf 88' lang='lat' dir='ltr'>praeside</span> <span class='ocrx_word' id='word_1_201' title='bbox 630 3381 781 3463; x_wconf 83' lang='lat' dir='ltr'>regionis</span> <span class='ocrx_word' id='word_1_202' title='bbox 797 3382 934 3445; x_wconf 90' lang='lat' dir='ltr'>vinctus</span> <span class='ocrx_word' id='word_1_203' title='bbox 956 3388 992 3444; x_wconf 90' lang='lat' dir='ltr'>et</span> <span class='ocrx_word' id='word_1_204' title='bbox 1007 3381 1207 3464; x_wconf 91' lang='lat' dir='ltr'>imperatori</span> <span class='ocrx_word' id='word_1_205' title='bbox 1224 3387 1298 3444; x_wconf 91' lang='lat' dir='ltr'>tra·</span> 
     </span>
     <span class='ocr_line' id='line_1_32' title="bbox 350 3479 1298 3564; baseline -0.001 -20"><span class='ocrx_word' id='word_1_206' title='bbox 350 3482 455 3557; x_wconf 89' lang='lat' dir='ltr'>ditus,</span> <span class='ocrx_word' id='word_1_207' title='bbox 473 3489 640 3564; x_wconf 89' lang='lat' dir='ltr'>tanquam</span> <span class='ocrx_word' id='word_1_208' title='bbox 662 3481 779 3564; x_wconf 87' lang='lat' dir='ltr'>praedo</span> <span class='ocrx_word' id='word_1_209' title='bbox 803 3487 838 3545; x_wconf 91' lang='lat' dir='ltr'>et</span> <span class='ocrx_word' id='word_1_210' title='bbox 855 3479 1030 3545; x_wconf 92' lang='lat' dir='ltr'>homicidii</span> <span class='ocrx_word' id='word_1_211' title='bbox 1053 3500 1133 3545; x_wconf 92' lang='lat' dir='ltr'>reus</span> <span class='ocrx_word' id='word_1_212' title='bbox 1157 3480 1298 3545; x_wconf 88' lang='lat' dir='ltr'>teneba-</span> 
     </span>
     <span class='ocr_line' id='line_1_33' title="bbox 351 3579 1297 3663; baseline -0.002 -17"><span class='ocrx_word' id='word_1_213' title='bbox 351 3583 468 3646; x_wconf 91' lang='lat' dir='ltr'>turin</span> <span class='ocrx_word' id='word_1_214' title='bbox 493 3601 640 3646; x_wconf 88' lang='lat' dir='ltr'>carcere.</span> <span class='ocrx_word' id='word_1_215' title='bbox 687 3581 755 3645; x_wconf 88' lang='lat' dir='ltr'>Sed</span> <span class='ocrx_word' id='word_1_216' title='bbox 772 3601 850 3646; x_wconf 93' lang='lat' dir='ltr'>cum</span> <span class='ocrx_word' id='word_1_217' title='bbox 876 3580 1006 3645; x_wconf 94' lang='lat' dir='ltr'>nuntiis</span> <span class='ocrx_word' id='word_1_218' title='bbox 1032 3580 1129 3645; x_wconf 92' lang='lat' dir='ltr'>ducis</span> <span class='ocrx_word' id='word_1_219' title='bbox 1153 3579 1297 3663; x_wconf 87' lang='lat' dir='ltr'>praecise</span> 
     </span>
    </p>
   </div>
   <div class='ocr_carea' id='block_1_6' title="bbox 351 3681 1394 3764">
    <p class='ocr_par' dir='ltr' id='par_1_6' title="bbox 351 3681 1394 3764">
     <span class='ocr_line' id='line_1_34' title="bbox 351 3681 1394 3764; baseline 0.001 -20"><span class='ocrx_word' id='word_1_220' title='bbox 351 3689 549 3764; x_wconf 85' lang='lat' dir='ltr'>negaretur,</span> <span class='ocrx_word' id='word_1_221' title='bbox 580 3682 622 3745; x_wconf 91' lang='lat' dir='ltr'>de</span> <span class='ocrx_word' id='word_1_222' title='bbox 653 3682 826 3745; x_wconf 92' lang='lat' dir='ltr'>communi</span> <span class='ocrx_word' id='word_1_223' title='bbox 854 3681 998 3746; x_wconf 92' lang='lat' dir='ltr'>consilio</span> <span class='ocrx_word' id='word_1_224' title='bbox 1030 3701 1092 3764; x_wconf 91' lang='lat' dir='ltr'>per</span> <span class='ocrx_word' id='word_1_225' title='bbox 1115 3687 1194 3744; x_wconf 89' lang='lat' dir='ltr'>octo</span> <span class='ocrx_word' id='word_1_226' title='bbox 1223 3681 1296 3745; x_wconf 89' lang='lat' dir='ltr'>dies</span> <span class='ocrx_word' id='word_1_227' title='bbox 1392 3710 1394 3715; x_wconf 95' lang='lat'>·</span> 
     </span>
    </p>
   </div>
   <div class='ocr_carea' id='block_1_7' title="bbox 347 3938 1302 4284">
    <p class='ocr_par' dir='ltr' id='par_1_7' title="bbox 347 3938 1302 4284">
     <span class='ocr_line' id='line_1_35' title="bbox 384 3938 1302 4004; baseline -0.002 -14"><span class='ocrx_word' id='word_1_228' title='bbox 384 3939 392 3970; x_wconf 90' lang='lat'>¹</span> <span class='ocrx_word' id='word_1_229' title='bbox 404 3943 518 3991; x_wconf 78' lang='lat' dir='ltr'>Claustra</span> <span class='ocrx_word' id='word_1_230' title='bbox 524 3941 603 3991; x_wconf 80' lang='lat' dir='ltr'>suncti</span> <span class='ocrx_word' id='word_1_231' title='bbox 609 3940 810 4004; x_wconf 79' lang='lat' dir='ltr'>Basilii.]‘Pro·</span> <span class='ocrx_word' id='word_1_232' title='bbox 871 3939 1032 3988; x_wconf 68' lang='grc' dir='ltr'>2Ρνιεάιέίιω</span> <span class='ocrx_word' id='word_1_233' title='bbox 1044 3973 1051 3990; x_wconf 91' lang='grc'><strong>.</strong></span> <span class='ocrx_word' id='word_1_234' title='bbox 1064 3972 1070 3988; x_wconf 90' lang='grc'><strong><em>.</em></strong></span> <span class='ocrx_word' id='word_1_235' title='bbox 1084 3973 1091 3989; x_wconf 92' lang='grc'><strong>.</strong></span> <span class='ocrx_word' id='word_1_236' title='bbox 1104 3938 1202 4003; x_wconf 72' lang='lat' dir='ltr'>Herga]</span> <span class='ocrx_word' id='word_1_237' title='bbox 1227 3938 1302 3989; x_wconf 86' lang='lat' dir='ltr'>Com·</span> 
     </span>
     <span class='ocr_line' id='line_1_36' title="bbox 347 4008 1300 4073; baseline -0.002 -13"><span class='ocrx_word' id='word_1_238' title='bbox 347 4012 425 4073; x_wconf 83' lang='lat' dir='ltr'>bably</span> <span class='ocrx_word' id='word_1_239' title='bbox 436 4026 504 4060; x_wconf 87' lang='lat' dir='ltr'>some</span> <span class='ocrx_word' id='word_1_240' title='bbox 516 4012 604 4062; x_wconf 84' lang='lat' dir='ltr'>Greek</span> <span class='ocrx_word' id='word_1_241' title='bbox 618 4016 737 4061; x_wconf 80' lang='lat' dir='ltr'>convente</span> <span class='ocrx_word' id='word_1_242' title='bbox 748 4011 811 4060; x_wconf 88' lang='lat' dir='ltr'>sitn-</span> <span class='ocrx_word' id='word_1_243' title='bbox 835 4025 896 4072; x_wconf 90' lang='lat' dir='ltr'>pare</span> <span class='ocrx_word' id='word_1_244' title='bbox 907 4010 971 4058; x_wconf 82' lang='lat' dir='ltr'>with</span> <span class='ocrx_word' id='word_1_245' title='bbox 990 4010 1032 4058; x_wconf 86' lang='lat' dir='ltr'>the</span> <span class='ocrx_word' id='word_1_246' title='bbox 1050 4013 1157 4058; x_wconf 89' lang='lat' dir='ltr'>account</span> <span class='ocrx_word' id='word_1_247' title='bbox 1169 4008 1300 4072; x_wconf 77' lang='lat' dir='ltr'>following</span> 
     </span>
     <span class='ocr_line' id='line_1_37' title="bbox 348 4080 1299 4144; baseline 0 -14"><span class='ocrx_word' id='word_1_248' title='bbox 348 4082 406 4131; x_wconf 87' lang='lat' dir='ltr'>ated</span> <span class='ocrx_word' id='word_1_249' title='bbox 429 4082 455 4129; x_wconf 90' lang='lat' dir='ltr'>in</span> <span class='ocrx_word' id='word_1_250' title='bbox 482 4082 524 4130; x_wconf 88' lang='lat' dir='ltr'>the</span> <span class='ocrx_word' id='word_1_251' title='bbox 552 4082 639 4131; x_wconf 86' lang='lat' dir='ltr'>‹leliles</span> <span class='ocrx_word' id='word_1_252' title='bbox 667 4081 696 4130; x_wconf 87' lang='lat' dir='ltr'>of</span> <span class='ocrx_word' id='word_1_253' title='bbox 720 4082 812 4131; x_wconf 92' lang='lat' dir='ltr'>Mount</span> <span class='ocrx_word' id='word_1_254' title='bbox 835 4082 956 4130; x_wconf 86' lang='lat' dir='ltr'>Albertus</span> <span class='ocrx_word' id='word_1_255' title='bbox 968 4080 1106 4142; x_wconf 81' lang='lat' dir='ltr'>Aquensis,</span> <span class='ocrx_word' id='word_1_256' title='bbox 1125 4093 1153 4142; x_wconf 88' lang='lat' dir='ltr'>p.</span> <span class='ocrx_word' id='word_1_257' title='bbox 1173 4084 1231 4144; x_wconf 71' lang='lat'>200,</span> <span class='ocrx_word' id='word_1_258' title='bbox 1248 4082 1299 4130; x_wconf 85' lang='lat' dir='ltr'>and</span> 
     </span>
     <span class='ocr_line' id='line_1_38' title="bbox 349 4151 1086 4215; baseline 0 -15"><span class='ocrx_word' id='word_1_259' title='bbox 349 4151 482 4212; x_wconf 79' lang='lat' dir='ltr'>Haemus3’</span> <span class='ocrx_word' id='word_1_260' title='bbox 507 4153 571 4200; x_wconf 90' lang='lat' dir='ltr'>Mat.</span> <span class='ocrx_word' id='word_1_261' title='bbox 591 4152 675 4215; x_wconf 89' lang='lat' dir='ltr'>Paris,</span> <span class='ocrx_word' id='word_1_262' title='bbox 696 4156 768 4214; x_wconf 81' lang='grc'><strong>1840,</strong></span> <span class='ocrx_word' id='word_1_263' title='bbox 785 4167 810 4212; x_wconf 91' lang='lat' dir='ltr'>p.</span> <span class='ocrx_word' id='word_1_264' title='bbox 836 4152 906 4200; x_wconf 89' lang='lat' dir='ltr'>Will.</span> <span class='ocrx_word' id='word_1_265' title='bbox 918 4152 978 4212; x_wconf 83' lang='lat' dir='ltr'>Tyr.</span> <span class='ocrx_word' id='word_1_266' title='bbox 991 4167 1017 4213; x_wconf 88' lang='lat' dir='ltr'>p.</span> <span class='ocrx_word' id='word_1_267' title='bbox 1030 4154 1086 4200; x_wconf 80' lang='grc'><strong>654.</strong></span> 
     </span>
     <span class='ocr_line' id='line_1_39' title="bbox 349 4226 479 4284; baseline -0.008 -13"><span class='ocrx_word' id='word_1_268' title='bbox 349 4226 479 4284; x_wconf 82' lang='lat' dir='ltr'>lll,note.</span> 
     </span>
    </p>
   </div>
   <div class='ocr_carea' id='block_1_8' title="bbox 0 0 1419 4882">
    <p class='ocr_par' dir='ltr' id='par_1_8' title="bbox 0 0 1419 4882">
     <span class='ocr_line' id='line_1_40' title="bbox 0 0 1419 4882; baseline 0 0"><span class='ocrx_word' id='word_1_269' title='bbox 0 0 1419 4882; x_wconf 95' lang='lat' dir='ltr'> </span> 
     </span>
    </p>
   </div>
  </div>
 </body>
</html>
