2820 4882
422 428 562 476 monas
585 426 857 476 nisroamnun.
1068 413 1113 477 27

156 597 204 667 et,
231 610 274 653 eo
299 587 475 663 defuncto,
494 585 756 650 Cassinensium
782 588 890 652 abbas
911 587 1113 653 Desiderius
1126 605 1250 646 nouo.

157 690 338 766 successit,
354 694 390 751 et
406 685 530 751 Victor
546 695 780 769 nuncupatur.

263 921 266 925 .
309 863 378 927 Rea
399 861 573 928 Willoboas
587 872 648 928 tres
661 862 747 928 dedit
761 864 961 949 episcopatus.

208 986 315 1052 Anno
339 986 483 1050 Domini
506 1003 712 1051 mcxxxvu.
739 1007 802 1051 rex
817 985 1012 1068 Anglorum
1028 987 1251 1094 wil-popu·

158 1088 299 1163 lelmus,
317 1087 355 1149 in
369 1086 480 1150 natali
495 1085 638 1150 Domini
657 1086 788 1150 curiam
804 1106 904 1151 suam
921 1088 1013 1170 apud
1031 1086 1117 1151 Glo·
1129 1065 1232 1145 mitia·

158 1187 317 1251 verniam
339 1193 473 1262 tenens,
487 1180 618 1249 ¹tribus
634 1186 824 1268 capellanis
843 1187 928 1264 suis,
950 1187 1118 1252 Mauritio
1129 1156 1222 1206 ''hm''

160 1287 297 1351 scilicet
326 1285 614 1364 Londoniensem,
640 1285 817 1350 Willelmo
847 1286 1119 1364 Norwicensem,

163 1386 322 1452 Roberto
345 1384 576 1462 Cestrensem,
598 1385 693 1449 dedit
717 1385 936 1468 praesulatus.
988 1386 1120 1450 Eodem

162 1505 256 1550 anno
277 1485 364 1549 obiit
381 1478 615 1563 ²Wiscardus,
631 1485 703 1548 dux
719 1484 870 1568 Apuliae,
887 1493 923 1549 et
944 1505 1120 1550 successe·

163 1593 248 1649 runt
279 1587 312 1648 ei
338 1585 409 1647 duo
434 1585 497 1648 filii
523 1584 612 1668 ejuS,
637 1585 799 1667 Rogerus
822 1594 858 1649 et
880 1585 1119 1651 Boamundus.

166 1685 249 1749 Hoc
264 1685 370 1748 etiam
393 1703 484 1747 anno
502 1683 708 1748 Venetianis
725 1686 971 1751 meditantibus
986 1686 1121 1751 auferre

166 1803 293 1867 corpus
307 1785 419 1847 sancti
431 1777 586 1847 ³Nicolai
602 1803 623 1846 a
635 1784 789 1868 Myrrea,
802 1785 918 1868 Lyciae
934 1786 1122 1863 civitatee

166 1884 293 1947 Turcis
314 1878 483 1959 desolata,
499 1892 832 1966 praeoccupaverunt
854 1904 914 1949 eos
940 1887 1033 1948 cives
1051 1885 1122 1947 Ba·

167 2002 287 2047 nenses
310 2002 453 2046 numero
468 1982 701 2064 quadraginta
717 1990 861 2065 septem,
875 1984 919 2046 ab
934 1982 1123 2046 Antiochia

168 2083 347 2167 Myrream
358 2082 558 2161 venientes3
576 2083 636 2164 qni
653 2102 675 2146 a
691 2090 842 2165 quatuor
855 2081 1032 2145 monachis
1047 2090 1122 2145 tan·

169 2191 245 2247 tum
266 2182 395 2245 ibidem
411 2181 564 2245 inventis
586 2182 722 2246 ostendi
746 2182 812 2244 sibi
834 2181 947 2244 sancti
967 2181 1123 2244 tumbam

169 2287 405 2357 extorserunt,
432 2300 503 2361 qua
524 2282 714 2357 confracta,
738 2300 819 2344 ossa
846 2280 959 2345 sancti
985 2280 1125 2345 Nicolai

169 2383 206 2445 in
227 2381 296 2444 olei
315 2380 450 2462 liquore
471 2382 630 2445 natantia
656 2401 799 2444 numero
820 2381 957 2462 integro
979 2388 1122 2445 extrax-

170 2487 286 2557 erunt,
305 2487 342 2543 et
363 2481 494 2544 Barum
519 2500 597 2544 cum
622 2481 735 2562 gloria
751 2480 961 2545 detulerunt.
1014 2482 1125 2546 Facta

170 2588 365 2644 astantem
395 2581 469 2643 baec
496 2581 680 2645 translatio
701 2600 792 2643 anno
818 2581 1123 2663 septingentesimo

172 2681 439 2763 quadragesimo
482 2681 603 2760 quinto
647 2700 668 2744 a
709 2680 923 2762 depositione
969 2680 1123 2762 ejusdem

171 2780 284 2844 sancti
301 2780 474 2862 pontificis
489 2779 641 2843 Nicolai.

408 2928 458 2991 De
470 2927 662 3013 Bereaporio
675 2928 887 2993 heresiarcha.

210 3052 344 3117 Eodem
359 3060 511 3135 tempore
519 3046 779 3136 *Berengarius
788 3053 1002 3118 Turonensis
1015 3054 1125 3117 archi·
1138 3071 1220 3118 nereo
1229 3068 1253 3107 or

174 3154 369 3234 episcopus
393 3153 587 3236 prolabitur
615 3154 651 3216 in
682 3153 879 3217 haereticam
904 3155 1125 3236 pravitatem·
1139 3119 1287 3168 Romamn.

174 3252 247 3315 Hic
261 3271 386 3334 panem
407 3259 441 3316 et
457 3253 575 3316 vinum
590 3253 628 3314 in
647 3253 750 3316 altari
766 3254 893 3336 posita,
910 3258 990 3335 post
1009 3271 1128 3315 conse·

173 3352 361 3417 orationem
376 3351 577 3429 sacerdotis
588 3372 706 3416 verum
717 3359 753 3417 et
761 3353 989 3417 substantiale
1003 3370 1127 3433 corpus

174 3451 318 3515 Domini
338 3470 425 3527 esse,
442 3451 533 3515 sicut
549 3460 671 3516 sancta
697 3459 732 3515 et
755 3453 961 3517 universalis
984 3451 1128 3515 ecclesia

208 3664 317 3717 write
333 3667 464 3732 capellanis
480 3662 562 3735 suia]
588 3669 640 3717 Ac·
700 3667 840 3732 ³Nicolui.]
852 3670 905 3718 The
913 3670 993 3720 liieoi
1001 3668 1129 3718 S.Nicho·

174 3737 280 3799 cording
287 3742 313 3786 to
322 3738 364 3786 the
371 3738 456 3786 Saxon
464 3738 558 3788 chron.
568 3738 639 3787 these
665 3740 811 3801 las‚bishop
822 3740 851 3788 os
860 3740 975 3801 Myra,is
986 3739 1086 3800 printed
1094 3741 1129 3802 by

174 3807 279 3867 bichops
301 3808 416 3856 received
438 3808 504 3856 their
525 3809 640 3869 appoint-
666 3810 765 3872 Socios,
776 3809 820 3859 oth
831 3810 981 3860 December.

174 3881 256 3927 ments
267 3877 294 3924 in
302 3880 364 3926 lost
371 3892 380 3937 ;
392 3877 513 3938 wilkins,
520 3878 538 3926 i.
547 3893 574 3938 p.
583 3882 639 3928 368.

210 3944 641 4010 ²Wiscurdas.]RobertGuiscard,
701 3941 921 4006 ‘Bereagnrios.]
948 3943 991 3993 He
1009 3959 1064 3992 was
1086 3949 1130 3993 not

176 4016 247 4065 duke
259 4016 288 4064 oi
295 4017 402 4078 Apulia,
412 4018 472 4066 died
484 4032 516 4066 on
526 4017 569 4067 the
582 4018 640 4066 luth
666 4014 816 4075 archbishop
836 4014 865 4064 oi
883 4014 974 4076 Toum,
992 4016 1039 4064 but
1057 4015 1130 4063 arch-

176 4087 241 4147 July
254 4090 327 4137 1⁰85.
356 4087 406 4136 His
417 4088 520 4149 epitaph
531 4088 554 4137 is
566 4089 641 4150 given
666 4084 763 4133 deacon
784 4084 813 4132 oi
826 4084 947 4146 Angers;
972 4085 1003 4133 he
1022 4085 1082 4132 died
1104 4089 1131 4132 at

177 4157 211 4218 by
223 4157 393 4218 Memnoni-y,
404 4173 430 4218 p.
441 4161 488 4206 441
500 4174 507 4218 ;
519 4173 560 4206 see
570 4159 640 4208 Hist.
667 4154 748 4202 Tours
759 4155 786 4201 in
799 4157 877 4216 10883
896 4156 972 4218 Pagi,
983 4155 1016 4203 ad
1028 4169 1070 4203 an.
1080 4151 1093 4217 §
1104 4168 1130 4201 x.

178 4242 222 4288 pp.
233 4229 294 4290 439,
303 4230 362 4288 441,
373 4231 440 4276 notes
451 4225 459 4258 ¹
471 4225 490 4290 ²,
500 4225 511 4257 ²
523 4224 541 4276 ³.
667 4225 714 4272 See
727 4223 845 4273 Malmsb.
858 4223 870 4290 ξ
882 4229 938 4275 284.
