2820 4882
164 583 219 622 Μ),
229 581 296 621 1147.-

166 682 242 721 nerent
250 680 274 720 oi

165 733 203 770 the
212 731 302 770 Frenclr.

173 2644 235 2693 siege
243 2643 267 2682 ol

174 2694 298 2734 Damascus.

323 381 389 447 242
576 397 709 444 noun-m
734 397 780 443 nu
803 395 1012 444 wnuuovnn
1090 368 1098 385 “

327 559 494 633 cinarum,
507 556 567 638 qui
583 555 686 618 etiam
704 573 780 618 cum
803 554 1016 637 principibus
1031 554 1075 616 de
1089 551 1191 615 modo
1211 550 1277 614 viae

327 664 364 721 et
382 656 496 719 diaetae
518 656 714 738 quantitate
737 661 939 719 tractarent.
986 653 1140 717 Praeibat
1161 656 1277 714 autem

328 757 390 820 illa
413 757 468 819 die
494 755 549 819 vir
571 755 695 818 nobilis
724 753 913 818 Gaufridus
940 755 982 817 de
1009 753 1191 828 Rancona,
1217 749 1278 831 qui

329 876 408 920 eum
432 854 627 936 agminibus
650 861 801 918 montem
826 854 1015 917 ascendens
1038 853 1082 916 ad
1104 851 1180 935 ejus
1205 848 1277 911 fas·

313 956 454 1037 ‘tigium
482 955 651 1036 pervenit,
679 954 772 1037 quod
801 953 907 1017 Turni
933 957 1193 1035 cognoscentes,
1219 947 1280 1032 qui

331 1055 519 1118 exercitum
534 1054 630 1117 illum
649 1073 671 1117 a
686 1054 794 1117 latere
810 1052 1015 1117 insidiantes
1032 1052 1279 1134 sequebantur,

331 1153 367 1217 in
396 1155 549 1217 Francos
578 1173 648 1217 non
678 1152 935 1234 praemeditatos
961 1159 1120 1235 potenter
1143 1151 1283 1213 irruunt

331 1262 503 1317 eteorum
524 1253 678 1336 legiones
696 1252 911 1330 dissolvunt3
942 1251 1066 1315 cecidit
1087 1257 1204 1314 autem
1226 1248 1282 1312 die

330 1353 403 1430 illa,
420 1372 504 1417 casu
518 1351 717 1428 miserabili,
740 1352 851 1433 gloria
867 1351 1080 1414 Francorum
1102 1356 1138 1413 et
1155 1349 1280 1424 virtus,

332 1455 392 1535 qui
417 1453 506 1516 forte
535 1458 755 1532 peccatorum
784 1451 935 1515 tenebris
959 1449 1108 1514 involuti
1131 1449 1282 1532 mystica

333 1571 450 1616 secum
465 1549 616 1614 Domino
630 1568 774 1613 munera
789 1569 858 1612 non
872 1549 1038 1613 ferebant.
1074 1547 1151 1612 Nec
1164 1554 1282 1611 tamen

333 1671 396 1714 rex
424 1656 565 1732 propter
592 1662 711 1713 casum
738 1649 824 1713 adeo
851 1649 1029 1712 sinistrum
1055 1668 1077 1711 a
1103 1647 1283 1729 proposito

333 1751 447 1832 potuit
469 1751 636 1827 revocari,
657 1751 742 1832 quin
763 1748 1074 1832 peregrinationem
1094 1766 1282 1829 proseque-

334 1856 430 1914 retur
457 1850 642 1930 inceptam,
670 1849 732 1913 sed
760 1849 896 1912 ardenti
925 1848 1094 1911 desiderio
1120 1866 1200 1911 cum
1227 1866 1283 1910 re-

335 1951 420 2031 gina
440 1967 505 2012 sua
526 1948 671 2013 Alienor
693 1948 736 2012 ad
759 1948 826 2012 iter
847 1966 885 2011 se
907 1948 1092 2029 accingens
1112 1947 1282 2011 Hieroso-

334 2049 464 2132 lymam
485 2048 625 2113 tandem
647 2047 827 2130 pervenit3
859 2047 918 2110 ubi
941 2066 963 2111 a
987 2065 1069 2129 rege
1094 2046 1283 2111 honorifice

335 2155 517 2230 susceptus
546 2155 580 2213 et
604 2148 745 2230 populo,
770 2148 813 2210 de
836 2164 932 2224 casu,
957 2147 1017 2229 qui
1039 2146 1214 2210 acciderat
1239 2147 1282 2223 ei,

335 2268 403 2311 non
417 2248 635 2312 mediocriter
649 2247 889 2311 condolebant.

363 2421 414 2507 De
429 2420 580 2486 obsidione
593 2422 745 2487 Dmncsci
759 2443 781 2485 e
789 2418 991 2506 princeplbcs
996 2419 1169 2504 predictis,
1185 2428 1214 2483 et
1229 2420 1266 2483 de

509 2522 688 2605 proditione
704 2521 903 2586 orientolium
917 2529 1109 2606 naupactum.

386 2644 576 2727 Completis
600 2647 739 2710 tandem
765 2647 925 2710 demere
951 2645 1178 2722 orationibus,
1202 2663 1284 2708 con-

334 2752 503 2809 venerunt
517 2746 561 2809 ad
575 2746 784 2829 colloquium
798 2746 986 2829 imperator
1003 2746 1184 2811 Romanus
1204 2762 1283 2809 cum

334 2845 473 2926 regibus
506 2845 828 2929 Hierosolymorum
859 2853 895 2911 et
923 2847 1148 2922 Francorum,
1173 2850 1214 2907 ut
1240 2843 1284 2906 de

335 2943 450 3008 fructu
484 2950 591 3010 tantae
628 2945 914 3028 peregrinationis
945 2953 980 3009 et
1015 2952 1116 3010 terrae
1151 2950 1283 3008 sanctae

335 3045 715 3125 agerentincremento.
753 3045 908 3109 Tandem
924 3063 1041 3108 omnes
1056 3046 1093 3109 in
1109 3045 1175 3108 hoc
1192 3060 1285 3107 com·

335 3143 484 3207 muniter
499 3151 758 3220 consenserunt,
772 3150 811 3208 ut
826 3144 1049 3220 Damascum,
1063 3146 1183 3208 urbem
1198 3143 1283 3206 fide-

334 3241 425 3305 libus
453 3242 554 3306 nimis
576 3243 789 3320 damnosam,
811 3243 1031 3322 obsiderent;
1058 3252 1105 3320 et,
1122 3242 1214 3307 sieut
1229 3242 1284 3306 fu-

334 3348 409 3405 erat
427 3342 666 3424 praelocutum,
684 3337 746 3406 ¹ad
763 3343 882 3407 urbem
906 3341 1108 3407 accedentes
1126 3343 1283 3426 pomeria

335 3447 507 3523 occupant
523 3443 732 3519 suburbana,
746 3442 952 3525 quibusdam
975 3441 1024 3506 ibi
1049 3460 1094 3505 ex
1122 3441 1284 3506 hostibus

334 3539 536 3605 interfectis.
599 3540 744 3605 Indead
763 3541 890 3605 flumen
905 3541 998 3623 quod
1015 3542 1133 3605 urbem
1150 3541 1283 3605 lantbe-

334 3637 395 3703 bat
412 3639 627 3718 accedentes,
644 3649 683 3706 ut
705 3642 782 3706 sitis
799 3641 979 3723 angustias
1001 3641 1207 3716 relevarent,
1228 3641 1284 3704 in'·

333 3747 504 3802 venerunt
528 3756 629 3804 secus
650 3741 762 3823 ripam
787 3747 921 3804 tantam
948 3740 1099 3805 hostium
1124 3741 1284 3805 multitu-

333 3835 459 3915 dinem,
494 3839 554 3920 qui
586 3840 636 3903 eis
664 3859 768 3923 aquae
796 3857 898 3904 usum
931 3840 1066 3904 auferre
1095 3841 1282 3917 vacabant,

366 4036 425 4088 ¹Aa
446 4041 528 4091 urbem
546 4046 709 4108 accedentes.]
737 4042 791 4095 The
817 4061 917 4096 muscus
935 4063 968 4096 on
985 4046 1028 4096 the
1045 4047 1105 4096 aeth
1123 4039 1281 4113 May11473

330 4110 440 4172 meeting
451 4112 502 4160 had
518 4113 581 4163 been
597 4114 657 4162 held
674 4119 701 4163 at
714 4115 792 4179 Aere,
817 4117 887 4167 will.
897 4118 957 4178 Tyr.
968 4132 995 4179 p.
1003 4120 1062 4168 91⁰.

329 4176 433 4227 whence
455 4180 516 4242 they
533 4183 656 4243 departed
677 4183 716 4235 for
738 4186 792 4235 Da·
