2820 4882
305 419 371 483 228
557 436 692 483 nocnnr
716 436 763 480 nn
788 435 994 483 svsunovan

146 601 268 700 gssgsslw·
308 593 408 677 cujus
433 594 615 656 firmitates
641 585 880 675 ¹RanulphuS,
909 590 1109 655 Castrensis
1128 593 1259 668 comes,

145 702 241 742 cumn.
308 701 485 775 receperat
504 693 608 774 paulo
634 700 727 769 ante,
744 693 803 774 qui
823 706 939 774 regem
963 690 1177 773 Stephanum
1201 711 1257 753 ar-

308 793 381 856 cuit
398 811 420 854 a
436 792 588 855 civitatis
609 792 768 872 ingressu
786 810 896 873 usque
919 790 963 853 ad
981 791 1255 873 purificationem

306 899 439 959 sanctae
455 890 590 955 Mariae.
642 890 742 976 Tunc
761 909 876 954 comes
895 889 1062 972 praefatus
1085 909 1163 953 cum
1180 889 1256 953 Ro·

309 992 419 1067 berto,
440 989 512 1054 filio
532 991 625 1071 regis
648 989 795 1053 Henrici
809 997 844 1052 et
866 991 992 1053 comite
1012 988 1256 1065 Glovernensi,

309 1109 429 1153 socero
454 1109 530 1163 suo,
554 1097 589 1152 et
612 1089 736 1153 militia
758 1107 885 1170 magna
911 1088 1013 1150 nimis
1038 1087 1255 1152 Lincolniam

309 1190 418 1265 venit,
434 1197 472 1252 ut
494 1188 672 1252 obsidione
693 1189 856 1265 solveret,
877 1195 982 1268 atque
1003 1187 1163 1270 paludem
1182 1188 1255 1252 fere

309 1288 625 1351 intransmeabilem
646 1287 811 1351 audacter
834 1287 1007 1364 transivit,
1030 1295 1065 1351 et
1088 1287 1168 1370 ipsa
1187 1288 1256 1366 die,

309 1388 449 1450 aciebus
481 1387 670 1468 dispositis,
701 1387 775 1467 regi
806 1386 933 1449 bellum
963 1386 1101 1450 indixit.
1172 1387 1256 1470 Ipse

310 1493 425 1549 autem
451 1506 528 1549 cum
558 1487 642 1562 suis,
669 1490 709 1549 ht
737 1487 791 1549 vir
821 1485 1031 1548 admirandae
1057 1486 1256 1568 probitatiS,

210 1629 213 1633 «
310 1585 418 1648 aciem
436 1585 581 1667 primam
601 1585 786 1664 conduxit3
805 1586 990 1649 secundam
1009 1584 1072 1662 illi,
1088 1603 1177 1668 quos
1191 1606 1255 1650 rex

310 1683 508 1766 Stephanus
533 1684 778 1763 exsulaverat3
809 1685 947 1747 tertiam
968 1704 1081 1748 comes
1107 1684 1257 1749 Glover-

310 1785 427 1847 nensis
443 1783 619 1848 Rohertus
639 1804 717 1847 cum
731 1784 804 1847 suis
821 1785 975 1865 regebat.
1025 1783 1106 1848 Rex
1119 1784 1255 1849 interea

310 1882 508 1964 Stephanus
530 1883 669 1947 missam
692 1884 728 1946 in
750 1890 850 1946 tanta
871 1882 1089 1946 solemnitate
1105 1884 1257 1948 devotus

310 1982 458 2058 audivit,
473 1983 532 2045 ubi
555 2002 632 2046 cum
652 1982 695 2045 de
715 2001 808 2046 more
825 1976 991 2059 ²cereum,
1009 1983 1105 2064 regio
1126 1983 1257 2048 honore

309 2080 462 2162 dignum,
481 2082 558 2145 Deo
574 2081 718 2145 offerens
741 2083 899 2144 manibus
913 2080 1107 2145 Alexandri
1119 2083 1255 2165 episeo-

308 2181 345 2262 pi
360 2181 564 2264 imponeret,
586 2182 702 2244 subito
713 2180 916 2245 'confractus
936 2188 989 2245 est
1009 2188 1045 2244 et
1066 2181 1255 2261 extinctus,

309 2280 401 2361 quod
414 2282 488 2361 regi
503 2280 719 2344 contritionis
736 2279 874 2361 signum
890 2280 957 2343 luit
970 2300 979 2360 3
1007 2280 1131 2344 cecidit
1147 2283 1254 2346 etiam

309 2399 414 2461 super
445 2381 555 2443 altare
588 2380 797 2443 eucharistia
826 2399 904 2442 cum
933 2385 1076 2462 corpore
1110 2379 1254 2460 Christi,

308 2485 411 2560 rupto
434 2479 504 2555 filo,
526 2486 696 2560 praesente
717 2478 892 2561 episcopo,
909 2479 1001 2562 quod
1020 2481 1126 2561 regiae
1142 2481 1254 2546 ruinae

308 2577 542 2659 pronosticum
569 2585 655 2645 erat.
722 2577 832 2642 Porro
856 2598 919 2642 rex
943 2579 1148 2660 magnificus
1173 2591 1254 2645 cu'm

307 2696 441 2741 summa
466 2677 697 2741 sollicitudine
724 2678 816 2741 acies
841 2678 1023 2760 disposuit,
1048 2679 1123 2760 ipse
1147 2680 1255 2762 pedes

307 2795 443 2839 omnem
454 2776 676 2840 loricatorum
687 2777 943 2841 multitudinem
957 2777 1048 2841 circa
1060 2797 1109 2855 se,
1123 2779 1253 2844 abdue-

306 2874 352 2939 tis
367 2876 477 2959 equiS,
494 2877 759 2940 instructissime
781 2875 977 2954 collocavit,
1002 2878 1161 2941 consules
1179 2881 1255 2942 om·

306 2993 367 3037 nes
388 2995 467 3038 cum
489 2976 561 3038 suis
590 2976 625 3038 in
651 2976 785 3039 duabus
807 2977 946 3039 aciebus
976 2977 1073 3059 equis
1098 2978 1252 3042 instituit

306 3082 533 3156 pugnaturos,
558 3067 635 3138 ³sed
660 3076 752 3138 acies
777 3095 894 3138 eorum
918 3075 1100 3139 admodum
1133 3096 1256 3158 parvae

306 3174 494 3238 existentes
532 3193 662 3256 paucos
700 3194 815 3238 secum
848 3174 920 3238 ficti
956 3182 991 3238 et
1026 3175 1163 3239 factiosi
1192 3197 1251 3241 co-

305 3273 405 3336 mites
433 3272 648 3353 habuerunt3
681 3275 772 3337 acies
797 3282 913 3337 tamen
941 3274 1068 3355 regalis
1096 3277 1253 3341 maxima

284 3378 287 3385 '
305 3378 391 3448 erat,
406 3373 508 3436 unico
526 3373 654 3436 vexillo
670 3373 884 3436 solummodo
898 3372 1077 3463 insignita.
1102 3374 1145 3437 In
1156 3377 1253 3457 prin-

304 3471 394 3552 cipio
421 3480 536 3535 autem
564 3492 703 3553 pugnae,
728 3473 819 3535 acies
844 3472 1155 3551 exhaeredatorum,
1171 3495 1252 3557 quae

302 3570 460 3650 praeibat,
485 3572 593 3634 aciem
618 3572 790 3653 percussit
814 3573 978 3653 regalem,
999 3572 1036 3634 in
1059 3591 1130 3655 qua
1151 3584 1253 3640 erant

302 3688 416 3732 comes
426 3669 575 3746 Alanus,
590 3690 705 3734 comes
718 3670 894 3735 Rohertus
909 3671 952 3734 de
965 3671 1130 3748 Meslent,
1141 3672 1252 3755 Hugo

335 3862 531 3927 maranus]
549 3863 664 3913 Orderic.
682 3864 761 3913 Vital.
787 3867 942 3924 paruerunt;
965 3878 1061 3923 paucos
1080 3864 1147 3912 enim
1164 3880 1251 3916 secum

298 3950 324 3995 p.
336 3939 400 3994 9213
419 3933 564 3994 Huntlngd.
576 3949 602 3994 p.
616 3937 672 3983 390.
787 3933 838 3981 fieti
849 3938 875 3981 et
890 3931 991 3980 factiosi
1002 3934 1119 3982 consules
1135 3934 1255 3986 adduxe·

329 4033 475 4099 ωω]
786 4003 1254 4064 ”⁰²¹

330 4135 403 4186 ³Sed
418 4131 513 4204 coiea]
531 4137 602 4186 ‘Sed
622 4137 758 4186 admodum
785 4141 839 4188 sius
875 4141 953 4204 regis,
985 4107 1106 4204 insignita
1139 4093 1252 4200 vexilldss

295 4221 381 4270 parvae
398 4207 450 4259 illae
468 4212 597 4268 equestres
605 4208 678 4257 acies
690 4223 757 4258 com·
785 4208 930 4273 Huntingd.
942 4227 968 4272 p.
979 4214 1036 4261 891.
