2820 4882
314 389 358 454 58
575 404 709 451 nouum
733 405 780 452 nu
803 404 1009 454 wnunovnn

152 580 207 621 uu.
219 583 275 621 nra
315 565 446 628 entium
470 564 564 628 hona
587 562 741 644 rapuerit
763 560 949 625 anathema
973 560 1043 642 sit;
1076 559 1180 639 Quod
1207 563 1268 644 qui

314 683 424 746 usque
463 663 508 726 ad
545 664 728 746 septimam
758 662 1016 743 generationem
1055 663 1268 744 consangui-

314 764 415 827 nitati
439 783 476 826 se
498 762 714 845 copulaverit
729 761 915 825 anathema
936 762 1007 840 sit3
1037 759 1142 839 Quod
1163 781 1265 826 nemo

312 864 349 927 in
380 863 579 945 episcopum
607 862 769 944 eligatur,
796 861 864 925 nisi
886 862 1079 944 presbyter,
1103 861 1161 925 vel
1190 861 1265 926 dia·

313 981 433 1039 conus,
458 963 514 1027 vel
543 962 788 1037 subdiaconus,
812 968 848 1025 et
875 962 932 1025 cui
956 960 1125 1025 natalium
1150 960 1265 1042 digni·

296 1141 298 1145 ,
314 1071 370 1126 tas
387 1062 609 1145 suffragatur,
630 1062 696 1125 nisi
712 1061 865 1124 maxima
883 1061 1089 1126 necessitate
1105 1068 1141 1125 et
1156 1061 1265 1125 licen·

264 1186 266 1191 ’
313 1162 362 1226 tia
391 1182 514 1245 papae3
542 1160 645 1239 Quod
667 1161 728 1224 filii
752 1163 1030 1245 presbyterorum
1053 1160 1109 1224 vel
1135 1181 1263 1225 concu-

312 1263 470 1325 binarum
500 1263 545 1325 ad
571 1263 847 1346 presbyteratum
878 1282 948 1324 non
981 1268 1264 1345 promoveantur,

312 1362 379 1425 nisi
397 1362 492 1444 prius
511 1362 555 1425 ad
571 1362 679 1426 vitam
696 1361 892 1443 religiosam
908 1361 1127 1440 transierint;
1157 1359 1262 1439 Quod

312 1461 372 1543 qui
389 1462 432 1525 ad
448 1461 627 1527 ecclesiam
645 1462 701 1526 vel
717 1461 761 1524 ad
775 1481 912 1525 crucem
929 1461 1159 1544 confugerint,
1178 1461 1263 1526 data

312 1563 541 1625 membrorum
566 1562 784 1644 impunitate,
805 1561 954 1644 justitiae
982 1561 1177 1638 tradantur,
1205 1562 1263 1626 vel

311 1660 512 1725 innocentes
526 1661 734 1741 liberentur3
758 1660 863 1739 Quod
880 1681 1099 1744 unaquaeque
1116 1661 1264 1725 ecclesia

312 1760 462 1837 decimas
480 1780 562 1824 suas
578 1761 717 1838 habeat,
730 1781 793 1824 nec
809 1761 851 1824 ad
865 1761 970 1824 aliam
986 1761 1261 1838 transferantur3

311 1858 415 1937 Quod
428 1860 538 1924 laicus
554 1860 704 1923 decimas
717 1881 786 1924 non
802 1868 895 1924 emat
911 1881 974 1924 nec
988 1861 1138 1939 vendat3
1157 1859 1263 1938 Quod

310 1980 373 2042 pro
388 1961 568 2043 sepultura
583 1967 797 2024 mortuorum
817 1961 964 2043 pretium
980 1981 1050 2023 non
1062 1960 1262 2043 recipiatur.

312 2058 355 2122 In
381 2060 446 2123 hoc
470 2060 614 2124 concilio
641 2080 733 2142 papa
754 2061 916 2124 Urbanus
944 2060 1174 2124 Hildebrandi
1201 2060 1262 2124 de-

311 2167 407 2223 creta
418 2167 583 2239 renovat3
597 2153 935 2243 ¹Philippumregem
950 2161 1176 2237 Francorum,
1189 2162 1262 2242 qui,

309 2259 449 2323 vivente
471 2261 593 2341 regina
615 2279 690 2336 sua,
708 2260 962 2342 superduxerat
981 2260 1124 2324 alterius
1141 2261 1262 2324 viven-

311 2358 368 2435 tis,
382 2359 546 2422 Fulconis
563 2360 695 2423 scilicet
708 2358 1013 2442 Andegavensium
1030 2360 1179 2438 comitis,
1195 2381 1264 2425 ux·

309 2476 416 2536 orem,
433 2460 756 2524 excommunicavit.

329 2623 453 2696 ²Sarmo
462 2655 558 2718 papa
572 2633 617 2697 aul
629 2632 792 2698 concilium
807 2633 844 2697 da
859 2633 973 2719 nogotio
992 2634 1094 2698 Tarra
1109 2635 1241 2701 Saucia.

146 2770 295 2820 Persuasus
359 2755 404 2819 In
424 2757 492 2821 fine
514 2764 631 2821 autem
653 2758 801 2835 concilii,
818 2758 910 2841 quod
933 2778 1049 2822 mense
1069 2758 1262 2826 Novembri

144 2831 295 2912 ἶῖἷῗῗῗεῖἕῖἓ
308 2862 424 2920 actum
453 2864 517 2934 est,
550 2877 641 2940 papa
666 2865 876 2921 memoratus
906 2859 948 2922 de
974 2860 1116 2940 negotio
1148 2862 1261 2925 crucis

307 2975 499 3020 sermonem
525 2957 570 3020 ad
599 2958 764 3040 populum
789 2957 932 3035 faciens,
957 2959 1094 3041 qualem
1122 2965 1260 3025 tantum

309 3055 454 3120 decebat
470 3057 697 3134 sacerdotem,
715 3077 860 3122 exorsus
879 3059 984 3121 estin
1001 3059 1092 3122 hunc
1107 3060 1260 3139 modum,

307 3156 477 3220 ‘Fratres
510 3157 600 3231 mei,'
622 3158 748 3241 inquit,
779 3163 838 3221 ‘et
862 3158 924 3221 filii
949 3159 1128 3236 carissimi,
1160 3180 1261 3243 reges

307 3255 395 3332 dico,
417 3257 602 3340 principes,
624 3257 742 3334 duces,
767 3257 995 3335 marchiones,
1018 3259 1173 3336 comites,
1199 3262 1262 3324 ha·

308 3375 408 3418 rones
440 3363 475 3420 et
507 3356 646 3432 milites,
673 3377 750 3420 cum
777 3357 943 3421 ordinatis
968 3365 1004 3422 et
1026 3359 1163 3440 populis
1182 3361 1260 3424 uni-

306 3456 427 3530 versiS,
453 3456 513 3538 qui
539 3456 707 3539 redempti
731 3458 814 3520 estis
841 3458 1012 3539 corporali
1039 3459 1200 3540 passione
1222 3468 1259 3526 et

307 3555 487 3635 sanguinis
514 3555 680 3619 effusione
708 3557 849 3621 Domini
873 3558 982 3620 nostri
1007 3556 1093 3622 Jesu
1117 3557 1261 3638 Christi,

307 3654 424 3718 audite
440 3654 598 3736 querelas
615 3656 724 3751 ipsius
742 3657 822 3733 Dei,
834 3656 932 3721 vohis
947 3659 1105 3721 omnibus
1122 3658 1260 3741 lachry-

342 3868 507 3934 ¹Phr¹lippum
522 3872 632 3935 regem]
650 3872 769 3934 ‘Philip-
796 3870 842 3921 has
870 3872 935 3921 been
963 3872 1086 3934 ahridged
1107 3874 1261 3938 principully

306 3955 367 4000 pum
378 3955 462 4002 regem
474 3957 531 3990 cum
542 3943 632 4003 pellice
645 3942 769 3991 Bertrada
795 3941 859 3991 from
877 3942 932 3991 that
949 3943 1023 4004 given
1042 3943 1077 4003 by
1089 3943 1259 4007 Malnsbury,

306 4011 768 4062 ahUrbanoinconcilioOlaromonta·
794 4012 826 4060 In
848 4008 989 4061 Harduin’s
1012 4013 1144 4061 collection
1166 4013 1196 4062 of
1216 4016 1259 4066 the

305 4095 338 4128 uo
346 4094 494 4140 percussum
505 4082 662 4131 anathemate
670 4082 767 4144 fuisse,’
793 4083 907 4131 councils
924 4097 967 4131 are
984 4087 1035 4131 two
1051 4083 1123 4132 other
1135 4085 1221 4145 copies
1232 4086 1262 4137 os

306 4154 354 4199 etc.
379 4149 426 4198 See
436 4150 563 4214 Bouquut,
572 4153 627 4201 xiii.
636 4168 662 4214 p.
670 4157 695 4215 6,
702 4158 765 4203 note.
792 4151 834 4200 the
852 4165 930 4213 same,
941 4151 1005 4201 from
1016 4153 1130 4202 William
1147 4153 1176 4202 of
1191 4157 1258 4219 Tyro

340 4217 467 4284 ”Sermo.]
483 4220 536 4269 The
553 4227 655 4283 present
667 4236 765 4272 sermon
793 4224 841 4271 and
854 4238 870 4271 a
882 4224 939 4273 Ms.
951 4223 978 4272 in
989 4221 1031 4272 the
1042 4224 1160 4274 vatican.
