2820 4882
411 388 551 436 neonus
575 388 845 437 ursronrnnun.
1037 374 1103 438 255

155 550 283 614 Eodem
315 569 408 613 auno
441 555 624 613 natusest
649 549 728 613 duci
757 549 912 613 Heurico
941 549 1032 613 filius
1056 569 1100 614 ex
1117 558 1238 600 A·1>·¹¹⁵²·

154 648 297 713 Alienor
330 667 442 714 uxore
467 667 543 725 sua,
572 655 607 712 et
640 657 784 713 vocatus
814 657 867 713 est
891 649 1100 725 Willelmus,

154 749 244 831 qnod
267 751 453 831 proprium.
468 768 594 813 nomen
611 756 665 813 est
683 748 826 813 ducibus
844 747 1101 832 Aquitauorum

155 856 190 912 et
205 850 389 912 comitibus
408 849 688 929 Andagavorum.

238 1021 287 1083 De
302 1021 467 1085 concordio
474 1020 571 1103 foeta
585 1020 666 1082 inter
681 1040 778 1103 repam
793 1018 983 1104 Stephanum
997 1029 1024 1083 et

476 1119 582 1182 domm
595 1118 780 1181 Hearieam.

222 1242 330 1308 Anno
356 1242 498 1308 Domini
532 1259 662 1306 mcum.
680 1242 820 1326 justitia
842 1242 885 1305 de
912 1243 998 1306 caelo
1026 1262 1106 1324 pro·
1118 1262 1173 1302 an.
1186 1264 1241 1301 11⁶³.

1077 1342 1084 1356 .
1119 1312 1185 1351 Peuce
1193 1323 1241 1351 con·

159 1343 338 1426 spiciente,
359 1348 396 1405 et
417 1342 598 1424 diligentia
619 1341 824 1418 Theobaldi,
845 1340 1105 1406 Cantuariensns
1117 1362 1237 1401 ennena

160 1442 421 1524 archiepiscopi,
437 1449 472 1505 et
490 1442 729 1524 episcoporum
745 1442 843 1522 regni
859 1441 1104 1519 intercedente,
1117 1411 1266 1509 {iiifflihe

158 1561 221 1605 rex
238 1541 432 1622 Anglorum
455 1541 652 1623 Stephanus
674 1548 709 1605 et
731 1540 803 1602 dux
823 1540 1107 1606 Normannorum

160 1641 335 1705 Henricus
354 1634 462 1722 ¹apud
480 1638 721 1721 Waliugeford
744 1639 780 1702 in
803 1640 908 1703 talem
927 1641 1106 1706 concordi·

160 1761 215 1804 am
235 1746 490 1819 convenerunt3
519 1738 599 1803 Rex
623 1738 832 1821 StephannS,
856 1741 949 1804 omni
971 1740 1107 1804 haerede

160 1840 322 1905 viduatus
347 1846 475 1920 praeter
509 1837 723 1902 solummodo
753 1838 875 1902 ducem
903 1839 1106 1915 Henricum,

161 1937 363 2021 recognovit
384 1939 421 2003 in
443 1944 615 2002 conventu
638 1938 877 2020 episcoporum
903 1945 938 2002 et
961 1939 1107 2004 aliorum

163 2039 260 2121 regni
294 2038 500 2120 optimatum
528 2037 589 2121 jus
621 2036 878 2101 haereditarium
913 2039 1007 2121 quod
1034 2038 1107 2100 dux

163 2138 338 2202 Henricus
360 2138 397 2200 in
412 2156 558 2219 regnum
575 2136 715 2219 Angliae
736 2135 897 2214 habebat,
913 2147 949 2203 et
964 2137 1037 2202 dux
1052 2139 1107 2201 be·

164 2241 269 2320 nigne
292 2238 474 2314 concessit,
491 2243 531 2300 ut
552 2256 615 2301 rex
638 2236 834 2319 Stephanus
850 2245 925 2302 tota
941 2237 1014 2301 vita
1030 2255 1107 2314 sua,

164 2338 194 2401 si
211 2336 327 2413 vellet,
345 2352 491 2418 regnum
509 2337 652 2418 pacifice
673 2336 875 2419 possideret.
910 2337 968 2401 Ita
991 2344 1108 2400 tamen

165 2437 406 2502 confirmatum
419 2444 473 2501 est
484 2442 637 2518 pactum,
649 2435 740 2517 quod
754 2436 830 2518 ipse
838 2455 899 2499 rex
909 2443 945 2500 et
955 2437 1109 2520 episcopi

165 2545 248 2602 tunc
275 2541 477 2619 praesentes,
496 2555 575 2600 enm
599 2536 734 2599 caeteris
755 2536 981 2616 optimatibus
998 2537 1108 2616 regni,

162 2637 333 2721 jurarent,
353 2635 444 2717 quod
471 2635 543 2698 dux
565 2642 647 2717 post
669 2641 814 2699 mortem
837 2635 941 2716 regie,
957 2635 988 2698 si
1012 2635 1110 2699 illum

71 2764 73 2770 ¹
165 2735 414 2819 superviveret,
439 2754 583 2817 regnum
604 2735 679 2798 sine
702 2733 973 2799 contradictione
993 2735 1111 2816 aliqua

164 2837 358 2913 obtineret3
381 2826 434 2898 ²et
448 2833 498 2897 sic
512 2853 604 2896 nunc
618 2833 705 2896 illud
720 2833 956 2915 propheticum
971 2834 1111 2898 Merlini

165 2934 378 3010 attendatur,
388 2933 480 3015 quod
496 2932 590 3009 dicit,
602 2926 630 2967 ³‘
639 2933 789 2997 Nocebit
803 2934 1004 3015 possidenti,
1018 2934 1111 3016 quod

165 3055 210 3100 ex
233 3033 349 3116 impiis
370 3033 495 3114 pietas,
518 3032 627 3096 donec
654 3051 730 3096 sese
754 3032 910 3113 genitore
929 3033 1079 3096 induerit
1091 3030 1111 3110 3’

166 3132 387 3198 manifestum
414 3139 468 3196 est
485 3151 600 3212 regem
619 3131 833 3213 Stephanum
854 3132 1047 3195 Henricum
1062 3133 1112 3194 in-

165 3235 282 3298 duisse
307 3230 490 3307 haeredem,
514 3249 616 3312 quem
640 3250 710 3293 non
738 3232 870 3312 genuit,
894 3231 975 3294 dum
999 3232 1112 3314 ipsum

165 3331 348 3414 adoptavit
365 3330 403 3394 in
427 3329 537 3393 filium
557 3335 592 3393 et
612 3330 710 3411 regni
733 3332 948 3413 participem,
965 3337 1000 3394 et
1019 3337 1113 3413 post-

166 3432 307 3496 modum
321 3447 577 3507 successorem3
601 3429 637 3491 in
662 3448 744 3511 rege
765 3449 902 3512 quoque
922 3431 1055 3507 ducem,
1078 3435 1113 3494 et

201 3671 210 3703 ¹
221 3668 296 3736 Apud
310 3669 509 3732 Wnliagesord]
525 3668 579 3718 The
591 3667 628 3715 in·
652 3682 684 3716 on
695 3666 737 3716 the
746 3666 788 3715 ath
801 3666 954 3716 November.
977 3669 1031 3717 The
1042 3668 1115 3718 char·

164 3738 495 3801 terriewatWallingford,
506 3743 533 3787 at
543 3737 628 3788 which
652 3741 691 3786 ter
711 3737 733 3785 is
752 3735 853 3798 printed
870 3737 903 3798 by
927 3736 1030 3800 Rymer,
1051 3739 1069 3789 i.
1088 3753 1114 3799 p.

167 3814 227 3874 only
248 3827 265 3861 a
283 3811 409 3860 cessation
430 3808 460 3857 oi
481 3822 548 3858 arms
573 3821 628 3855 was
654 3810 693 3856 1³.

167 3882 345 3945 agreedupon,
353 3893 408 3928 was
418 3878 479 3928 held
489 3877 575 3927 before
586 3876 628 3925 the
688 3873 745 3925 ’Et
759 3876 795 3925 eie
814 3870 900 3944 nam]
916 3877 968 3926 ‘Et
987 3879 1009 3927 ni
1029 3877 1114 3939 nnnc,’

168 3952 244 4002 death
264 3950 294 4000 oi
309 3949 402 3998 Prinne
419 3949 539 3999 Eustace.
574 3946 628 3996 The
652 3946 710 3995 MS.
1003 3998 1006 4004 ¹

167 4021 276 4082 conncil,
295 4023 322 4068 at
338 4018 423 4068 which
443 4017 486 4068 the
504 4021 586 4078 treaty
603 4015 632 4064 of
686 4012 833 4077 ³Nocebit.]
851 4013 975 4076 Compare
985 4016 1028 4064 the
1039 4017 1115 4064 inter·

168 4107 246 4155 peace
267 4090 328 4138 here
350 4088 471 4137 recorded
493 4101 548 4137 was
569 4101 629 4135 con-
652 4086 777 4147 pretation
793 4084 822 4133 oi
837 4083 937 4134 Alanus
956 4087 988 4135 de
1007 4086 1111 4149 lunulis,

166 4161 268 4222 cluded,
284 4172 340 4208 wan
354 4157 413 4207 held
429 4162 456 4207 at
472 4156 630 4206 winchester
652 4170 679 4216 p.
691 4157 732 4204 94.
