2820 4882
409 397 550 448 neonus
571 397 842 446 nrsronrnauu.
1033 383 1100 447 303

232 630 283 692 De
290 629 476 713 penitentia
491 626 570 692 bara·
590 627 708 691 Tbomae
722 626 944 714 archiepiscopi
950 650 1015 714 pro

345 725 613 792 emamadiaiboa
627 736 733 791 teram
748 727 899 791 amoena.

201 843 286 912 His¹
302 849 351 914 ita
363 851 483 932 gestis,
497 857 652 932 potestas
666 850 756 914 laica
769 851 806 913 in
820 871 875 914 res
886 858 923 914 et
932 870 1098 932 personas
1109 872 1164 912 an.
1176 874 1231 911 na.

147 948 403 1014 ecclesiasticas
421 950 536 1013 omnia
557 969 620 1032 pro
637 949 750 1026 libitu,
765 950 1000 1014 ecclesiastico
1018 923 1227 1035 juress‘ih‘h‘i'

148 1055 362 1129 contempto,
392 1049 588 1113 tacentibus
622 1057 685 1112 aut
713 1049 774 1113 vix
805 1051 1098 1113 murmurantibus
1109 1022 1249 1112 {imm

150 1147 323 1230 episcopis
348 1149 464 1229 potius
491 1166 594 1230 quarn
619 1147 871 1224 resistentibus,
893 1150 1097 1230 usurpabat.

150 1246 304 1309 Thomas
325 1247 444 1328 igitur,
468 1246 729 1310 cantuariensis
749 1246 1041 1329 archiepiscopus,
1061 1249 1098 1312 in

151 1364 189 1408 se
206 1364 378 1424 reversus,
395 1365 473 1409 cum
489 1346 584 1426 leges
598 1345 737 1427 iniquas
753 1351 789 1408 et
805 1347 963 1409 omnihus
981 1346 1098 1411 Chris·

151 1445 179 1508 ti
206 1445 364 1508 fidelibus
392 1444 615 1508 detestandas
642 1445 868 1510 concessisset
890 1452 926 1509 et
951 1463 1011 1509 eas
1035 1447 1096 1510 oh·

150 1563 292 1608 servare
310 1543 511 1626 juramento
535 1543 717 1621 firmasset,
739 1564 811 1607 rem
827 1550 954 1607 temere
976 1564 1098 1627 perpe-

151 1650 281 1706 tratam
311 1642 495 1724 diligenter
522 1642 726 1706 examinans
761 1643 911 1726 seipsum
944 1645 1099 1724 graviter

152 1741 290 1818 afflixit,
326 1741 500 1806 alimentis
534 1742 784 1805 austerioribus
819 1749 855 1806 et
889 1742 1097 1807 indumentis

152 1861 279 1923 corpus
304 1841 511 1919 humiliavit,
534 1840 746 1921 suspendens
777 1859 815 1903 se
837 1840 881 1903 ab
904 1840 1024 1904 altaris
1048 1841 1098 1905 of-

152 1939 244 2017 ficio,
265 1941 375 2004 donec
395 1960 457 2022 per
478 1938 729 2003 confessionem
754 1946 790 2002 et
810 1938 1001 2020 condignos
1022 1959 1098 2021 poe·

152 2039 309 2103 uitentiae
337 2038 470 2103 fructus
495 2057 517 2101 a
538 2057 673 2101 summo
701 2036 864 2118 pontifice
889 2038 1015 2101 meruit
1040 2037 1099 2100 de-

148 2145 256 2202 ,votus
279 2139 435 2216 absolvi3
458 2156 539 2200 nam
562 2137 657 2200 illico
675 2137 814 2199 nuntios
837 2137 881 2200 ad
906 2136 1099 2200 Romanam

152 2236 306 2318 dirigens
331 2237 475 2313 curiam,
495 2235 577 2298 dum
601 2254 741 2299 causam
764 2235 919 2299 ecelesiae
943 2241 980 2297 et
1001 2254 1100 2298 suam

151 2334 197 2398 ad
240 2335 365 2401 summi
397 2335 569 2418 pontificis
599 2335 636 2398 in
671 2333 836 2397 schedula
868 2334 1099 2416 conscriptam

151 2435 401 2498 transmisisset
417 2434 663 2515 cognitionem,
683 2433 726 2495 ab
746 2432 970 2513 obligatione,
993 2451 1098 2514 quam

151 2532 346 2596 inconsulte
362 2521 499 2610 inierat,
514 2533 767 2596 absolutionem
781 2532 882 2614 petiit
894 2539 930 2596 et
945 2549 1022 2595 eam
1036 2551 1099 2614 per

151 2631 215 2695 has
230 2638 415 2714 sequentes
431 2631 551 2697 literas
570 2630 781 2712 impetravit.

143 2786 147 2792 Ι
163 2821 214 2887 Do
229 2819 414 2887 absolutione
427 2820 507 2886 hecti
525 2822 645 2886 lhomae
653 2843 717 2905 pro
733 2823 897 2886 temerario
900 2823 1089 2906 juramento.

202 2939 449 3008 ‘Alexander²
473 2945 669 3027 episcopus,
691 2951 726 3007 et
749 2951 887 3008 eaetera.
921 2944 978 3008 Ad
998 2962 1098 3008 aures
1110 2969 1216 3019 mom

151 3050 291 3107 nostras
315 3043 514 3108 fraternitas
538 3051 602 3107 tua
626 3043 761 3106 noverit
786 3042 892 3106 fuisse
914 3043 1099 3137 perlatum,
1110 3019 1237 3109 &iffi

150 3143 257 3224 quod,
279 3144 460 3207 occasione
480 3141 661 3226 eujusdam
686 3160 862 3219 excessus
877 3161 899 3205 a
914 3142 1098 3205 missarum

151 3243 374 3324 proposueris
397 3242 628 3306 celebratione
651 3260 787 3305 cessare
813 3247 849 3305 et
870 3260 892 3304 a
918 3259 1098 3304 consecra·

151 3341 247 3404 tione
279 3342 433 3423 corporis
463 3347 499 3404 et
521 3340 700 3422 sauguinis
731 3340 872 3403 Domini
903 3341 1097 3421 abstinere3

151 3440 245 3522 quod
267 3441 387 3522 utique
410 3459 514 3523 quam
541 3459 648 3522 grave
669 3440 727 3516 sit,
747 3440 920 3522 praecipuo
942 3440 979 3502 in
999 3447 1100 3504 tanta

150 3558 311 3620 persona,
327 3546 363 3602 et
382 3546 551 3621 quantum
573 3539 653 3603 inde
669 3538 780 3621 possit
801 3538 1002 3602 scandalum
1018 3559 1100 3621 pro-

144 3637 280 3717 venire,
308 3638 456 3703 solhcita
487 3638 711 3702 meditatione
738 3637 946 3714 consideres
976 3645 1011 3700 et
1034 3638 1099 3701 hoc

150 3737 265 3817 ipsum
280 3737 463 3818 vigilantia
482 3746 553 3801 tuae
574 3735 791 3800 discretionis
812 3735 981 3800 attendat.
1028 3736 1099 3797 De-

186 3951 260 4003 Ἠῶ
270 3954 417 4019 lingentis]
433 3955 613 4018 &inparethe
637 3953 715 4002 dated
732 3952 910 4014 Sens,the1st
920 3951 1004 4012 April.
1040 3951 1099 4000 Itis

151 4024 303 4086 Quadrilog.
314 4041 341 4086 p.
353 4029 395 4089 39,
404 4041 468 4089 seqq.
636 4023 746 4085 printed,
756 4022 819 4070 with
832 4021 875 4069 the
886 4021 1000 4069 addition
1011 4021 1040 4069 of
1052 4036 1099 4070 oue

636 4108 665 4142 or
686 4098 737 4141 two
761 4092 931 4151 unimportaut
961 4095 1100 4156 sentences,

185 4152 377 4226 'Alexander.]
394 4157 457 4208 This
474 4160 547 4208 letter
558 4174 613 4210 was
637 4166 752 4224 amougst
758 4161 801 4209 the
813 4161 910 4224 letters,
919 4161 938 4212 i.
949 4175 991 4223 ep.
1002 4163 1072 4212 xxvi.
