2820 4882
148 563 204 603 Μ).
215 564 271 609 lloo.

310 370 376 441 160
565 387 700 436 nonum
725 353 772 435 nn
796 388 1002 436 wnuoovnn

310 546 379 611 duo
408 567 453 612 ex
483 548 661 613 monachis
690 550 765 632 ejus
795 549 840 611 ad
867 549 981 631 ipsum
1009 549 1201 626 venienteS,
1229 556 1267 629 ct

309 647 401 728 regis
423 633 569 713 mortem
591 649 804 725 nuntiantes
827 649 956 712 hortati
978 655 1060 711 sunt
1081 649 1264 726 attentius,

310 753 349 810 ut
365 747 458 811 illico
476 747 592 812 sedem
607 767 706 811 suam
720 756 876 832 repetere
892 748 1107 830 dignaretur.

574 921 624 983 Dc
640 920 727 984 uitiis
741 920 821 1005 rapis
842 918 1003 983 thblmt.

148 1056 291 1098 cramterof
362 1044 385 1108 J
387 1065 449 1125 ure
465 1051 581 1108 autem
596 1065 659 1108 rex
676 1045 713 1107 in
730 1044 842 1108 medio
863 1045 971 1107 totius
991 1044 1173 1128 injustitiae
1188 1065 1262 1109 suae

148 1107 242 1147 william

148 1157 225 1197 anns.

311 1155 502 1227 praereptus
525 1144 697 1220 occubuit,
718 1144 777 1227 qui
799 1163 906 1225 supra
929 1143 1099 1208 hominem
1121 1152 1208 1222 erat,
1229 1153 1265 1208 et

311 1245 455 1309 consilio
481 1263 732 1326 perversorum,
759 1243 922 1325 quicquid
948 1244 1031 1306 mali
1055 1252 1204 1326 poterat,
1227 1245 1263 1308 id

310 1362 445 1426 semper
460 1344 606 1424 agebat3
631 1336 683 1406 ¹et
699 1344 771 1406 suis
787 1362 949 1425 nequam,
964 1342 1086 1406 alienis
1104 1343 1261 1426 nequior,

310 1442 376 1506 sibi
390 1443 632 1524 nequissimus,
644 1442 819 1525 subjectos
834 1461 951 1506 omnes
963 1444 1135 1506 continuis
1152 1443 1263 1525 geldis

311 1549 346 1606 et
359 1542 499 1623 talagiis
514 1543 678 1618 vexabat,
689 1543 820 1605 vicinos
836 1542 954 1605 werris
972 1549 1008 1605 et
1021 1543 1260 1607 exactionibus

311 1641 458 1706 assiduis
477 1643 700 1728 provocabat,
714 1661 776 1705 nec
789 1640 959 1723 respirare
970 1649 1108 1725 poterat
1118 1632 1261 1724 Anglia,

310 1741 375 1805 sub
404 1742 480 1824 ipso
509 1741 749 1804 miserabiliter
772 1740 954 1805 suffocata.
1007 1741 1089 1824 Ipse
1113 1761 1261 1824 namque

310 1848 345 1905 et
368 1842 428 1924 qui
453 1839 485 1904 ei
507 1839 765 1904 famulabantur
793 1840 908 1905 omnia
931 1842 1124 1922 rapiebant,
1144 1842 1262 1905 omnia

310 1942 535 2007 conterebant
556 1947 591 2004 et
619 1941 877 2017 subvertebant,
900 1941 1071 2004 adulteria
1094 1941 1264 2005 violenter

310 2047 345 2104 et
369 2042 509 2123 impune
537 2040 809 2117 committebant,
825 2040 988 2122 quicquid
1002 2040 1134 2104 fraudis
1151 2049 1186 2106 et
1202 2062 1262 2104 ne·

310 2139 428 2223 quitiae
444 2148 547 2204 antea
561 2160 630 2203 non
648 2146 722 2202 erat
738 2138 792 2203 his
813 2141 1025 2222 temporibus
1049 2139 1256 2223 pullulavit3

309 2239 443 2304 invisus
463 2259 612 2321 namque
635 2259 698 2303 rex
718 2239 948 2321 nequissimus
968 2240 1045 2304 Deo
1067 2247 1102 2304 et
1121 2240 1263 2324 populo,

310 2337 365 2402 die
388 2359 457 2420 qua
480 2339 577 2416 obiit,
599 2340 635 2402 in
657 2338 797 2420 proprio
822 2340 963 2402 tenebat
988 2339 1264 2424 archiepiscopa-

311 2444 384 2501 tum
416 2437 711 2515 Cantuariensem,
737 2440 957 2520 episcopatus
982 2439 1261 2504 Wintoniensem

311 2543 346 2600 et
369 2536 666 2614 Saresbiriensern,
687 2558 764 2600 cum
787 2538 967 2601 duodecim
991 2539 1151 2617 abbatiis,
1173 2560 1262 2622 quas

309 2643 372 2700 aut
385 2637 569 2714 vendebat,
584 2643 645 2700 aut
667 2638 711 2700 ad
735 2636 867 2700 firmam
888 2638 1005 2717 dabat,
1022 2645 1083 2702 aut
1103 2640 1139 2703 in
1154 2658 1260 2703 manu
1284 2646 1285 2650 ’

254 2793 258 2799 .
309 2754 374 2799 sua
403 2738 565 2816 tenebat3
596 2757 659 2801 nec
679 2737 828 2800 luxuriae
854 2738 967 2801 scelus
994 2739 1180 2802 exercebat
1202 2758 1261 2803 oc·

146 3673 271 3714 corourtlou

146 3725 171 3764 ol
176 3725 249 3776 Henry
258 3725 277 3764 1.

309 2834 414 2912 culte,
445 2836 504 2899 sed
538 2856 583 2899 ex
614 2837 827 2918 impudentia
863 2857 980 2901 coram
1017 2838 1101 2903 sole.
1165 2837 1260 2917 Quid

309 2934 436 3016 plural
510 2933 683 3016 Quicquid
714 2936 791 2999 Deo
825 2937 1006 3018 Deumque
1036 2937 1260 3018 diligentibus

308 3034 480 3116 placebat,
510 3035 576 3098 hoc
606 3035 680 3116 regi
717 3055 901 3119 regemque
935 3036 1160 3118 diligentibus
1189 3038 1261 3102 dis·

308 3133 470 3216 pliccbat.
522 3134 686 3217 Sepultus
703 3143 757 3197 est
780 3143 897 3199 autem
919 3136 955 3199 in
975 3135 1126 3200 crastino
1146 3138 1261 3219 perdi-

308 3233 412 3298 tionis
432 3253 505 3297 suae
529 3234 621 3316 apud
640 3233 868 3311 wintoniam,
885 3229 939 3297 ²in
959 3235 1058 3318 cujus
1080 3236 1260 3319 sepultura

307 3330 493 3416 lachrymae
510 3333 624 3398 locum
638 3353 711 3416 prae
728 3334 857 3415 gaudio
873 3354 942 3399 nou
958 3335 1143 3413 habebant.

327 3523 377 3586 Dc
391 3523 580 3587 coronatione
594 3524 673 3609 repis
689 3524 825 3588 Heariei
834 3525 939 3610 primi
956 3526 1035 3611 repis
1047 3525 1231 3611 Aoploram.

359 3647 534 3712 Defuncto
551 3648 669 3729 itaque
683 3667 764 3729 rege
779 3646 967 3724 Willelmo,
984 3666 1061 3710 cum
1077 3657 1261 3730 magnates

309 3745 447 3830 Angliae
463 3748 675 3829 ignorarent,
694 3748 776 3829 quid
794 3754 910 3811 actum
927 3754 1019 3811 esset
1037 3748 1079 3811 de
1102 3749 1262 3814 Roberto

343 3970 402 4021 lat
422 3972 502 4035 οιαὶ]
533 3971 711 4034 Huntlngdon,
744 3987 771 4034 p.
796 3972 877 4020 Flora
893 3971 946 4019 ‘ibi
962 3969 1029 4020 iufra
1039 3971 1162 4020 ambitum
1174 3973 1264 4037 turris,

312 4046 369 4092 378,
795 4034 930 4090 multor‘um
958 4055 1090 4102 procerum
1125 4048 1264 4105 conventu,

343 4109 391 4160 ²In
403 4111 493 4174 cidus]
512 4111 560 4160 ‘In
576 4111 655 4159 veteri
672 4125 770 4159 monas·
794 4126 933 4174 paucorum
952 4111 1066 4171 planctu,
1088 4115 1162 4163 terra
1182 4113 1264 4163 tradi·

306 4183 380 4246 torio,
397 4183 424 4230 in
441 4182 550 4232 ecclesia
569 4181 650 4232 sancti
672 4181 744 4230 Petri
755 4176 769 4243 ς’
793 4185 845 4230 tum
855 4177 872 4244 ς’
889 4181 1010 4231 Malmsb.
1022 4196 1049 4242 p.
1059 4183 1117 4231 509.
