<?xml version="1.0" encoding="UTF-8"?>
<!DOCTYPE html PUBLIC "-//W3C//DTD XHTML 1.0 Transitional//EN"
    "http://www.w3.org/TR/xhtml1/DTD/xhtml1-transitional.dtd">
<html xmlns="http://www.w3.org/1999/xhtml" xml:lang="en" lang="en">
 <head>
  <title>
</title>
<meta http-equiv="Content-Type" content="text/html;charset=utf-8" />
  <meta name='ocr-system' content='tesseract 3.04.00' />
  <meta name='ocr-capabilities' content='ocr_page ocr_carea ocr_par ocr_line ocrx_word'/>
</head>
<body>
  <div class='ocr_page' id='page_1' title='image "./rogeridewendove01rogegoog_0334.png"; bbox 0 0 2820 4882; ppageno 0'>
   <div class='ocr_carea' id='block_1_1' title="bbox 411 421 1096 488">
    <p class='ocr_par' dir='ltr' id='par_1_1' title="bbox 411 421 1096 488">
     <span class='ocr_line' id='line_1_1' title="bbox 411 421 1096 488; baseline -0.003 0"><span class='ocrx_word' id='word_1_1' title='bbox 411 439 549 488; x_wconf 73' lang='lat' dir='ltr'><strong>riorus</strong></span> <span class='ocrx_word' id='word_1_2' title='bbox 573 437 842 486; x_wconf 73' lang='lat' dir='ltr'><strong>arsroarnsun.</strong></span> <span class='ocrx_word' id='word_1_3' title='bbox 1030 421 1096 486; x_wconf 75' lang='lat'><strong>323</strong></span> 
     </span>
    </p>
   </div>
   <div class='ocr_carea' id='block_1_2' title="bbox 145 592 1228 706">
    <p class='ocr_par' dir='ltr' id='par_1_2' title="bbox 145 592 1228 706">
     <span class='ocr_line' id='line_1_2' title="bbox 145 592 1228 706; baseline 0 -49"><span class='ocrx_word' id='word_1_4' title='bbox 145 592 412 675; x_wconf 87' lang='lat' dir='ltr'><strong>Cantuariensi;</strong></span> <span class='ocrx_word' id='word_1_5' title='bbox 444 596 697 661; x_wconf 87' lang='lat' dir='ltr'><strong>denuntiabunt</strong></span> <span class='ocrx_word' id='word_1_6' title='bbox 728 596 844 672; x_wconf 90' lang='lat' dir='ltr'><strong>etiam,</strong></span> <span class='ocrx_word' id='word_1_7' title='bbox 875 592 967 677; x_wconf 92' lang='lat' dir='ltr'><strong>quod</strong></span> <span class='ocrx_word' id='word_1_8' title='bbox 997 595 1093 677; x_wconf 87' lang='lat' dir='ltr'><strong>quic-</strong></span> <span class='ocrx_word' id='word_1_9' title='bbox 1106 616 1228 706; x_wconf 40' lang='lat' dir='ltr'><strong>&amp;aare</strong></span> 
     </span>
    </p>
   </div>
   <div class='ocr_carea' id='block_1_3' title="bbox 130 693 1232 3252">
    <p class='ocr_par' dir='ltr' id='par_1_3' title="bbox 130 693 1232 3252">
     <span class='ocr_line' id='line_1_3' title="bbox 142 693 1215 774; baseline 0 -19"><span class='ocrx_word' id='word_1_10' title='bbox 142 693 224 774; x_wconf 89' lang='lat' dir='ltr'><strong>quid</strong></span> <span class='ocrx_word' id='word_1_11' title='bbox 247 694 401 758; x_wconf 78' lang='lat' dir='ltr'><strong>Thomas</strong></span> <span class='ocrx_word' id='word_1_12' title='bbox 428 695 511 759; x_wconf 83' lang='lat' dir='ltr'><strong>fecit</strong></span> <span class='ocrx_word' id='word_1_13' title='bbox 534 696 571 759; x_wconf 94' lang='lat' dir='ltr'><strong>in</strong></span> <span class='ocrx_word' id='word_1_14' title='bbox 601 695 737 758; x_wconf 87' lang='lat' dir='ltr'><strong>irritum</strong></span> <span class='ocrx_word' id='word_1_15' title='bbox 773 701 946 759; x_wconf 84' lang='lat' dir='ltr'><strong>revocent.</strong></span> <span class='ocrx_word' id='word_1_16' title='bbox 1010 693 1091 758; x_wconf 91' lang='lat' dir='ltr'><strong>Hoc</strong></span> <span class='ocrx_word' id='word_1_17' title='bbox 1104 717 1215 756; x_wconf 62' lang='lat' dir='ltr'><strong>ornans</strong></span> 
     </span>
     <span class='ocr_line' id='line_1_4' title="bbox 141 766 1232 876; baseline 0.004 -22"><span class='ocrx_word' id='word_1_18' title='bbox 141 792 247 856; x_wconf 87' lang='lat' dir='ltr'><strong>etiam</strong></span> <span class='ocrx_word' id='word_1_19' title='bbox 277 795 515 876; x_wconf 88' lang='lat' dir='ltr'><strong>postulabunt,</strong></span> <span class='ocrx_word' id='word_1_20' title='bbox 551 800 592 857; x_wconf 87' lang='lat' dir='ltr'><strong>ut</strong></span> <span class='ocrx_word' id='word_1_21' title='bbox 627 813 744 857; x_wconf 89' lang='lat' dir='ltr'><strong>coram</strong></span> <span class='ocrx_word' id='word_1_22' title='bbox 777 795 827 857; x_wconf 91' lang='lat' dir='ltr'><strong>eis</strong></span> <span class='ocrx_word' id='word_1_23' title='bbox 859 812 952 875; x_wconf 91' lang='lat' dir='ltr'><strong>papa</strong></span> <span class='ocrx_word' id='word_1_24' title='bbox 977 792 1091 876; x_wconf 88' lang='lat' dir='ltr'><strong>jurari</strong></span> <span class='ocrx_word' id='word_1_25' title='bbox 1103 766 1146 805; x_wconf 65' lang='lat'><strong>⁸¹³⁶</strong></span> <span class='ocrx_word' id='word_1_26' title='bbox 1154 767 1232 806; x_wconf 51' lang='grc' dir='ltr'>Μ</span> 
     </span>
     <span class='ocr_line' id='line_1_5' title="bbox 140 887 1090 976; baseline 0.004 -24"><span class='ocrx_word' id='word_1_27' title='bbox 140 889 248 954; x_wconf 87' lang='lat' dir='ltr'><strong>saciat</strong></span> <span class='ocrx_word' id='word_1_28' title='bbox 271 887 420 975; x_wconf 89' lang='lat' dir='ltr'><strong>publico,</strong></span> <span class='ocrx_word' id='word_1_29' title='bbox 444 894 536 976; x_wconf 91' lang='lat' dir='ltr'><strong>quod</strong></span> <span class='ocrx_word' id='word_1_30' title='bbox 561 893 636 975; x_wconf 91' lang='lat' dir='ltr'><strong>ipsc</strong></span> <span class='ocrx_word' id='word_1_31' title='bbox 660 900 696 957; x_wconf 92' lang='lat' dir='ltr'><strong>et</strong></span> <span class='ocrx_word' id='word_1_32' title='bbox 722 910 939 956; x_wconf 88' lang='lat' dir='ltr'><strong>successores</strong></span> <span class='ocrx_word' id='word_1_33' title='bbox 967 891 1021 954; x_wconf 90' lang='lat' dir='ltr'><strong>sui</strong></span> <span class='ocrx_word' id='word_1_34' title='bbox 1054 901 1090 956; x_wconf 91' lang='lat' dir='ltr'><strong>et</strong></span> 
     </span>
     <span class='ocr_line' id='line_1_6' title="bbox 141 989 1088 1073; baseline 0.003 -21"><span class='ocrx_word' id='word_1_35' title='bbox 141 989 224 1053; x_wconf 89' lang='lat' dir='ltr'><strong>mibi</strong></span> <span class='ocrx_word' id='word_1_36' title='bbox 264 998 300 1056; x_wconf 88' lang='lat' dir='ltr'><strong>et</strong></span> <span class='ocrx_word' id='word_1_37' title='bbox 337 992 498 1057; x_wconf 88' lang='lat' dir='ltr'><strong>omnibus</strong></span> <span class='ocrx_word' id='word_1_38' title='bbox 541 993 626 1055; x_wconf 88' lang='lat' dir='ltr'><strong>meis</strong></span> <span class='ocrx_word' id='word_1_39' title='bbox 669 993 783 1073; x_wconf 82' lang='lat' dir='ltr'><strong>regius</strong></span> <span class='ocrx_word' id='word_1_40' title='bbox 822 989 1088 1055; x_wconf 89' lang='lat' dir='ltr'><strong>consuetudines</strong></span> 
     </span>
     <span class='ocr_line' id='line_1_7' title="bbox 142 1086 1089 1174; baseline 0.001 -24"><span class='ocrx_word' id='word_1_41' title='bbox 142 1086 288 1154; x_wconf 90' lang='lat' dir='ltr'><strong>Henrici</strong></span> <span class='ocrx_word' id='word_1_42' title='bbox 314 1092 408 1174; x_wconf 83' lang='lat' dir='ltr'><strong>regis</strong></span> <span class='ocrx_word' id='word_1_43' title='bbox 436 1092 496 1156; x_wconf 89' lang='lat' dir='ltr'><strong>avi</strong></span> <span class='ocrx_word' id='word_1_44' title='bbox 525 1092 592 1154; x_wconf 89' lang='lat' dir='ltr'><strong>mei</strong></span> <span class='ocrx_word' id='word_1_45' title='bbox 621 1090 846 1154; x_wconf 86' lang='lat' dir='ltr'><strong>inconcussas</strong></span> <span class='ocrx_word' id='word_1_46' title='bbox 876 1096 913 1152; x_wconf 89' lang='lat' dir='ltr'><strong>et</strong></span> <span class='ocrx_word' id='word_1_47' title='bbox 942 1087 1089 1152; x_wconf 84' lang='lat' dir='ltr'><strong>inviola-</strong></span> 
     </span>
     <span class='ocr_line' id='line_1_8' title="bbox 140 1188 1086 1271; baseline 0.001 -21"><span class='ocrx_word' id='word_1_48' title='bbox 140 1195 208 1265; x_wconf 84' lang='lat' dir='ltr'><strong>tas,</strong></span> <span class='ocrx_word' id='word_1_49' title='bbox 223 1197 393 1271; x_wconf 89' lang='lat' dir='ltr'><strong>quantum</strong></span> <span class='ocrx_word' id='word_1_50' title='bbox 411 1191 455 1254; x_wconf 89' lang='lat' dir='ltr'><strong>ad</strong></span> <span class='ocrx_word' id='word_1_51' title='bbox 470 1209 520 1267; x_wconf 88' lang='lat' dir='ltr'><strong>se,</strong></span> <span class='ocrx_word' id='word_1_52' title='bbox 541 1191 578 1253; x_wconf 91' lang='lat' dir='ltr'><strong>iu</strong></span> <span class='ocrx_word' id='word_1_53' title='bbox 601 1196 804 1271; x_wconf 87' lang='lat' dir='ltr'><strong>perpetuum</strong></span> <span class='ocrx_word' id='word_1_54' title='bbox 819 1188 1086 1252; x_wconf 84' lang='lat' dir='ltr'><strong>conservabunt.</strong></span> 
     </span>
     <span class='ocr_line' id='line_1_9' title="bbox 141 1284 1084 1371; baseline 0.001 -22"><span class='ocrx_word' id='word_1_55' title='bbox 141 1284 244 1364; x_wconf 85' lang='lat' dir='ltr'><strong>Quod</strong></span> <span class='ocrx_word' id='word_1_56' title='bbox 261 1288 291 1352; x_wconf 89' lang='lat' dir='ltr'><strong>si</strong></span> <span class='ocrx_word' id='word_1_57' title='bbox 307 1289 397 1354; x_wconf 86' lang='lat' dir='ltr'><strong>forte</strong></span> <span class='ocrx_word' id='word_1_58' title='bbox 419 1289 524 1354; x_wconf 85' lang='lat' dir='ltr'><strong>alicui</strong></span> <span class='ocrx_word' id='word_1_59' title='bbox 546 1288 752 1371; x_wconf 85' lang='lat' dir='ltr'><strong>petitionum</strong></span> <span class='ocrx_word' id='word_1_60' title='bbox 773 1305 927 1352; x_wconf 76' lang='lat' dir='ltr'><strong>mearum</strong></span> <span class='ocrx_word' id='word_1_61' title='bbox 946 1294 1084 1350; x_wconf 84' lang='lat' dir='ltr'><strong>contra·</strong></span> 
     </span>
     <span class='ocr_line' id='line_1_10' title="bbox 138 1384 1086 1472; baseline 0 -24"><span class='ocrx_word' id='word_1_62' title='bbox 138 1385 251 1450; x_wconf 89' lang='lat' dir='ltr'><strong>dicere</strong></span> <span class='ocrx_word' id='word_1_63' title='bbox 266 1389 453 1466; x_wconf 86' lang='lat' dir='ltr'><strong>voluerint,</strong></span> <span class='ocrx_word' id='word_1_64' title='bbox 470 1406 581 1472; x_wconf 83' lang='lat' dir='ltr'><strong>neque</strong></span> <span class='ocrx_word' id='word_1_65' title='bbox 602 1406 682 1469; x_wconf 84' lang='lat' dir='ltr'><strong>ego,</strong></span> <span class='ocrx_word' id='word_1_66' title='bbox 703 1404 815 1469; x_wconf 89' lang='lat' dir='ltr'><strong>neque</strong></span> <span class='ocrx_word' id='word_1_67' title='bbox 837 1384 984 1450; x_wconf 85' lang='lat' dir='ltr'><strong>barones</strong></span> <span class='ocrx_word' id='word_1_68' title='bbox 1006 1387 1086 1464; x_wconf 91' lang='lat' dir='ltr'><strong>mei,</strong></span> 
     </span>
     <span class='ocr_line' id='line_1_11' title="bbox 139 1485 1086 1570; baseline 0.003 -23"><span class='ocrx_word' id='word_1_69' title='bbox 139 1504 249 1568; x_wconf 87' lang='lat' dir='ltr'><strong>neque</strong></span> <span class='ocrx_word' id='word_1_70' title='bbox 271 1487 385 1552; x_wconf 87' lang='lat' dir='ltr'><strong>clerus</strong></span> <span class='ocrx_word' id='word_1_71' title='bbox 408 1507 506 1552; x_wconf 89' lang='lat' dir='ltr'><strong>meus</strong></span> <span class='ocrx_word' id='word_1_72' title='bbox 527 1487 680 1570; x_wconf 81' lang='lat' dir='ltr'><strong>aliquam</strong></span> <span class='ocrx_word' id='word_1_73' title='bbox 698 1486 750 1550; x_wconf 85' lang='lat' dir='ltr'><strong>eis</strong></span> <span class='ocrx_word' id='word_1_74' title='bbox 767 1485 912 1550; x_wconf 87' lang='lat' dir='ltr'><strong>ulterius</strong></span> <span class='ocrx_word' id='word_1_75' title='bbox 932 1486 1086 1550; x_wconf 79' lang='lat' dir='ltr'><strong>servabi-</strong></span> 
     </span>
     <span class='ocr_line' id='line_1_12' title="bbox 137 1586 1085 1668; baseline 0.002 -22"><span class='ocrx_word' id='word_1_76' title='bbox 137 1603 213 1648; x_wconf 85' lang='lat' dir='ltr'><strong>mus</strong></span> <span class='ocrx_word' id='word_1_77' title='bbox 240 1586 483 1664; x_wconf 74' lang='lat' dir='ltr'><strong>obedientiam,</strong></span> <span class='ocrx_word' id='word_1_78' title='bbox 504 1587 610 1650; x_wconf 91' lang='lat' dir='ltr'><strong>immo</strong></span> <span class='ocrx_word' id='word_1_79' title='bbox 634 1586 748 1668; x_wconf 89' lang='lat' dir='ltr'><strong>ipsum</strong></span> <span class='ocrx_word' id='word_1_80' title='bbox 770 1604 897 1668; x_wconf 83' lang='lat' dir='ltr'><strong>papum</strong></span> <span class='ocrx_word' id='word_1_81' title='bbox 914 1593 950 1650; x_wconf 89' lang='lat' dir='ltr'><strong>et</strong></span> <span class='ocrx_word' id='word_1_82' title='bbox 966 1605 1085 1650; x_wconf 89' lang='lat' dir='ltr'><strong>omnes</strong></span> 
     </span>
     <span class='ocr_line' id='line_1_13' title="bbox 136 1684 1084 1768; baseline 0.001 -21"><span class='ocrx_word' id='word_1_83' title='bbox 136 1703 219 1747; x_wconf 89' lang='lat' dir='ltr'><strong>suos</strong></span> <span class='ocrx_word' id='word_1_84' title='bbox 242 1685 425 1750; x_wconf 80' lang='lat' dir='ltr'><strong>manifeste</strong></span> <span class='ocrx_word' id='word_1_85' title='bbox 453 1684 744 1768; x_wconf 76' lang='lat' dir='ltr'><strong>impugnabimus,</strong></span> <span class='ocrx_word' id='word_1_86' title='bbox 761 1694 799 1748; x_wconf 87' lang='lat' dir='ltr'><strong>ot</strong></span> <span class='ocrx_word' id='word_1_87' title='bbox 818 1685 1027 1768; x_wconf 85' lang='lat' dir='ltr'><strong>quicumque</strong></span> <span class='ocrx_word' id='word_1_88' title='bbox 1049 1686 1084 1748; x_wconf 93' lang='lat' dir='ltr'><strong>in</strong></span> 
     </span>
     <span class='ocr_line' id='line_1_14' title="bbox 135 1779 1084 1866; baseline 0.003 -21"><span class='ocrx_word' id='word_1_89' title='bbox 135 1789 230 1846; x_wconf 84' lang='lat' dir='ltr'><strong>terra</strong></span> <span class='ocrx_word' id='word_1_90' title='bbox 254 1779 333 1849; x_wconf 84' lang='lat' dir='ltr'><strong>mea</strong></span> <span class='ocrx_word' id='word_1_91' title='bbox 356 1786 517 1850; x_wconf 86' lang='lat' dir='ltr'><strong>inventus</strong></span> <span class='ocrx_word' id='word_1_92' title='bbox 545 1785 662 1861; x_wconf 88' lang='lat' dir='ltr'><strong>suerit,</strong></span> <span class='ocrx_word' id='word_1_93' title='bbox 692 1784 752 1866; x_wconf 92' lang='lat' dir='ltr'><strong>qui</strong></span> <span class='ocrx_word' id='word_1_94' title='bbox 777 1801 878 1866; x_wconf 81' lang='lat' dir='ltr'><strong>papae</strong></span> <span class='ocrx_word' id='word_1_95' title='bbox 907 1783 1084 1865; x_wconf 85' lang='lat' dir='ltr'><strong>posthaec</strong></span> 
     </span>
     <span class='ocr_line' id='line_1_15' title="bbox 136 1880 1084 1966; baseline 0 -22"><span class='ocrx_word' id='word_1_96' title='bbox 136 1881 312 1946; x_wconf 85' lang='lat' dir='ltr'><strong>edhaerere</strong></span> <span class='ocrx_word' id='word_1_97' title='bbox 323 1880 483 1961; x_wconf 79' lang='lat' dir='ltr'><strong>voluerit,</strong></span> <span class='ocrx_word' id='word_1_98' title='bbox 496 1880 694 1966; x_wconf 86' lang='lat' dir='ltr'><strong>expelletur</strong></span> <span class='ocrx_word' id='word_1_99' title='bbox 703 1901 727 1946; x_wconf 83' lang='lat' dir='ltr'><strong>a</strong></span> <span class='ocrx_word' id='word_1_100' title='bbox 740 1901 859 1964; x_wconf 84' lang='lat' dir='ltr'><strong>regno.</strong></span> <span class='ocrx_word' id='word_1_101' title='bbox 912 1881 966 1944; x_wconf 83' lang='lat' dir='ltr'><strong>Ea</strong></span> <span class='ocrx_word' id='word_1_102' title='bbox 978 1901 1084 1964; x_wconf 85' lang='lat' dir='ltr'><strong>prop·</strong></span> 
     </span>
     <span class='ocr_line' id='line_1_16' title="bbox 135 1981 1083 2064; baseline 0 -22"><span class='ocrx_word' id='word_1_103' title='bbox 135 1987 190 2043; x_wconf 89' lang='lat' dir='ltr'><strong>ter</strong></span> <span class='ocrx_word' id='word_1_104' title='bbox 210 2000 375 2064; x_wconf 81' lang='lat' dir='ltr'><strong>rogamus</strong></span> <span class='ocrx_word' id='word_1_105' title='bbox 401 2001 478 2059; x_wconf 85' lang='lat' dir='ltr'><strong>vos,</strong></span> <span class='ocrx_word' id='word_1_106' title='bbox 502 1990 543 2046; x_wconf 90' lang='lat' dir='ltr'><strong>ut</strong></span> <span class='ocrx_word' id='word_1_107' title='bbox 566 1981 782 2046; x_wconf 85' lang='lat' dir='ltr'><strong>carissimum</strong></span> <span class='ocrx_word' id='word_1_108' title='bbox 808 1981 969 2058; x_wconf 86' lang='lat' dir='ltr'><strong>amicum,</strong></span> <span class='ocrx_word' id='word_1_109' title='bbox 996 1998 1083 2062; x_wconf 89' lang='lat' dir='ltr'><strong>qua·</strong></span> 
     </span>
     <span class='ocr_line' id='line_1_17' title="bbox 134 2079 1083 2163; baseline -0.002 -20"><span class='ocrx_word' id='word_1_110' title='bbox 134 2086 235 2144; x_wconf 88' lang='lat' dir='ltr'><strong>tenus</strong></span> <span class='ocrx_word' id='word_1_111' title='bbox 265 2081 407 2146; x_wconf 83' lang='lat' dir='ltr'><strong>fratrem</strong></span> <span class='ocrx_word' id='word_1_112' title='bbox 437 2081 625 2145; x_wconf 81' lang='lat' dir='ltr'><strong>Ernsldum</strong></span> <span class='ocrx_word' id='word_1_113' title='bbox 664 2080 950 2163; x_wconf 67' lang='lat' dir='ltr'><strong>hospitalium,</strong></span> <span class='ocrx_word' id='word_1_114' title='bbox 988 2079 1083 2143; x_wconf 88' lang='lat' dir='ltr'><strong>omni</strong></span> 
     </span>
     <span class='ocr_line' id='line_1_18' title="bbox 133 2177 1082 2262; baseline -0.001 -19"><span class='ocrx_word' id='word_1_115' title='bbox 133 2180 314 2244; x_wconf 79' lang='lat' dir='ltr'><strong>occasione</strong></span> <span class='ocrx_word' id='word_1_116' title='bbox 338 2189 483 2258; x_wconf 82' lang='lat' dir='ltr'><strong>remote,</strong></span> <span class='ocrx_word' id='word_1_117' title='bbox 509 2178 579 2244; x_wconf 88' lang='lat' dir='ltr'><strong>cito</strong></span> <span class='ocrx_word' id='word_1_118' title='bbox 604 2179 649 2244; x_wconf 83' lang='lat' dir='ltr'><strong>ad</strong></span> <span class='ocrx_word' id='word_1_119' title='bbox 675 2178 740 2244; x_wconf 85' lang='lat' dir='ltr'><strong>nos</strong></span> <span class='ocrx_word' id='word_1_120' title='bbox 765 2179 924 2255; x_wconf 87' lang='lat' dir='ltr'><strong>mittatis,</strong></span> <span class='ocrx_word' id='word_1_121' title='bbox 951 2177 1012 2262; x_wconf 91' lang='lat' dir='ltr'><strong>qui</strong></span> <span class='ocrx_word' id='word_1_122' title='bbox 1036 2197 1082 2242; x_wconf 89' lang='lat' dir='ltr'><strong>ex</strong></span> 
     </span>
     <span class='ocr_line' id='line_1_19' title="bbox 132 2277 1081 2361; baseline -0.002 -19"><span class='ocrx_word' id='word_1_123' title='bbox 132 2286 233 2360; x_wconf 79' lang='lat' dir='ltr'><strong>parte</strong></span> <span class='ocrx_word' id='word_1_124' title='bbox 266 2279 485 2361; x_wconf 81' lang='lat' dir='ltr'><strong>imperatoris</strong></span> <span class='ocrx_word' id='word_1_125' title='bbox 520 2285 558 2342; x_wconf 89' lang='lat' dir='ltr'><strong>et</strong></span> <span class='ocrx_word' id='word_1_126' title='bbox 591 2285 709 2343; x_wconf 87' lang='lat' dir='ltr'><strong>vestra</strong></span> <span class='ocrx_word' id='word_1_127' title='bbox 745 2277 919 2360; x_wconf 86' lang='lat' dir='ltr'><strong>praedictis</strong></span> <span class='ocrx_word' id='word_1_128' title='bbox 950 2277 1081 2340; x_wconf 91' lang='lat' dir='ltr'><strong>nuntiis</strong></span> 
     </span>
     <span class='ocr_line' id='line_1_20' title="bbox 132 2376 1083 2461; baseline -0.002 -21"><span class='ocrx_word' id='word_1_129' title='bbox 132 2376 219 2441; x_wconf 85' lang='lat' dir='ltr'><strong>meis</strong></span> <span class='ocrx_word' id='word_1_130' title='bbox 233 2377 399 2442; x_wconf 86' lang='lat' dir='ltr'><strong>ducatum</strong></span> <span class='ocrx_word' id='word_1_131' title='bbox 424 2377 581 2461; x_wconf 79' lang='lat' dir='ltr'><strong>praebeat</strong></span> <span class='ocrx_word' id='word_1_132' title='bbox 598 2379 634 2441; x_wconf 94' lang='lat' dir='ltr'><strong>in</strong></span> <span class='ocrx_word' id='word_1_133' title='bbox 655 2377 770 2441; x_wconf 85' lang='lat' dir='ltr'><strong>eundo</strong></span> <span class='ocrx_word' id='word_1_134' title='bbox 792 2395 854 2459; x_wconf 84' lang='lat' dir='ltr'><strong>per</strong></span> <span class='ocrx_word' id='word_1_135' title='bbox 869 2382 997 2439; x_wconf 81' lang='lat' dir='ltr'><strong>terram</strong></span> <span class='ocrx_word' id='word_1_136' title='bbox 1019 2377 1083 2439; x_wconf 89' lang='lat' dir='ltr'><strong>im·</strong></span> 
     </span>
     <span class='ocr_line' id='line_1_21' title="bbox 132 2473 1082 2558; baseline -0.004 -18"><span class='ocrx_word' id='word_1_137' title='bbox 132 2478 325 2558; x_wconf 83' lang='lat' dir='ltr'><strong>peratoris3</strong></span> <span class='ocrx_word' id='word_1_138' title='bbox 348 2474 498 2543; x_wconf 67' lang='lat' dir='ltr'><strong>Valete!</strong></span> <span class='ocrx_word' id='word_1_139' title='bbox 550 2477 692 2541; x_wconf 89' lang='lat' dir='ltr'><strong>Dictum</strong></span> <span class='ocrx_word' id='word_1_140' title='bbox 709 2482 895 2540; x_wconf 80' lang='lat' dir='ltr'><strong>astantem</strong></span> <span class='ocrx_word' id='word_1_141' title='bbox 910 2493 932 2538; x_wconf 90' lang='lat' dir='ltr'><strong>a</strong></span> <span class='ocrx_word' id='word_1_142' title='bbox 948 2473 1082 2539; x_wconf 78' lang='lat' dir='ltr'><strong>clericis</strong></span> 
     </span>
     <span class='ocr_line' id='line_1_22' title="bbox 132 2575 1082 2659; baseline -0.002 -20"><span class='ocrx_word' id='word_1_143' title='bbox 132 2583 168 2659; x_wconf 84' lang='lat' dir='ltr'><strong>et</strong></span> <span class='ocrx_word' id='word_1_144' title='bbox 181 2576 327 2640; x_wconf 88' lang='lat' dir='ltr'><strong>notariis</strong></span> <span class='ocrx_word' id='word_1_145' title='bbox 343 2576 474 2641; x_wconf 91' lang='lat' dir='ltr'><strong>domini</strong></span> <span class='ocrx_word' id='word_1_146' title='bbox 491 2578 598 2658; x_wconf 80' lang='lat' dir='ltr'><strong>regis,</strong></span> <span class='ocrx_word' id='word_1_147' title='bbox 622 2575 714 2658; x_wconf 90' lang='lat' dir='ltr'><strong>quod</strong></span> <span class='ocrx_word' id='word_1_148' title='bbox 732 2575 776 2638; x_wconf 90' lang='lat' dir='ltr'><strong>ad</strong></span> <span class='ocrx_word' id='word_1_149' title='bbox 789 2575 866 2659; x_wconf 88' lang='lat' dir='ltr'><strong>ejus</strong></span> <span class='ocrx_word' id='word_1_150' title='bbox 879 2575 1082 2656; x_wconf 86' lang='lat' dir='ltr'><strong>petitionem</strong></span> 
     </span>
     <span class='ocr_line' id='line_1_23' title="bbox 133 2671 1083 2750; baseline -0.002 -13"><span class='ocrx_word' id='word_1_151' title='bbox 133 2675 197 2738; x_wconf 89' lang='lat' dir='ltr'><strong>bas</strong></span> <span class='ocrx_word' id='word_1_152' title='bbox 225 2675 346 2740; x_wconf 85' lang='lat' dir='ltr'><strong>literas</strong></span> <span class='ocrx_word' id='word_1_153' title='bbox 371 2675 566 2741; x_wconf 78' lang='lat' dir='ltr'><strong>dictaverat</strong></span> <span class='ocrx_word' id='word_1_154' title='bbox 591 2672 801 2750; x_wconf 84' lang='lat' dir='ltr'><strong>Gilcbertus,</strong></span> <span class='ocrx_word' id='word_1_155' title='bbox 832 2671 1083 2737; x_wconf 78' lang='lat' dir='ltr'><strong>londoniensis</strong></span> 
     </span>
     <span class='ocr_line' id='line_1_24' title="bbox 132 2773 1081 2857; baseline -0.002 -20"><span class='ocrx_word' id='word_1_156' title='bbox 132 2774 328 2856; x_wconf 85' lang='lat' dir='ltr'><strong>episcopus,</strong></span> <span class='ocrx_word' id='word_1_157' title='bbox 349 2776 387 2838; x_wconf 93' lang='lat' dir='ltr'><strong>in</strong></span> <span class='ocrx_word' id='word_1_158' title='bbox 407 2775 596 2857; x_wconf 85' lang='lat' dir='ltr'><strong>perniciem</strong></span> <span class='ocrx_word' id='word_1_159' title='bbox 611 2773 741 2837; x_wconf 89' lang='lat' dir='ltr'><strong>domini</strong></span> <span class='ocrx_word' id='word_1_160' title='bbox 756 2791 857 2855; x_wconf 85' lang='lat' dir='ltr'><strong>pupae</strong></span> <span class='ocrx_word' id='word_1_161' title='bbox 871 2780 910 2836; x_wconf 85' lang='lat' dir='ltr'><strong>et</strong></span> <span class='ocrx_word' id='word_1_162' title='bbox 925 2773 1081 2848; x_wconf 77' lang='lat' dir='ltr'><strong>Thomas,</strong></span> 
     </span>
     <span class='ocr_line' id='line_1_25' title="bbox 130 2870 1082 2955; baseline -0.003 -18"><span class='ocrx_word' id='word_1_163' title='bbox 130 2872 391 2937; x_wconf 86' lang='lat' dir='ltr'><strong>Cantuariensis</strong></span> <span class='ocrx_word' id='word_1_164' title='bbox 423 2873 685 2955; x_wconf 87' lang='lat' dir='ltr'><strong>archiepiscopi,</strong></span> <span class='ocrx_word' id='word_1_165' title='bbox 715 2879 753 2936; x_wconf 87' lang='lat' dir='ltr'><strong>et</strong></span> <span class='ocrx_word' id='word_1_166' title='bbox 778 2872 932 2935; x_wconf 87' lang='lat' dir='ltr'><strong>ecclesiae</strong></span> <span class='ocrx_word' id='word_1_167' title='bbox 958 2870 1082 2951; x_wconf 80' lang='lat' dir='ltr'><strong>Angli·</strong></span> 
     </span>
     <span class='ocr_line' id='line_1_26' title="bbox 131 2969 1082 3056; baseline -0.005 -21"><span class='ocrx_word' id='word_1_168' title='bbox 131 2990 253 3053; x_wconf 72' lang='lat' dir='ltr'><strong>canae,</strong></span> <span class='ocrx_word' id='word_1_169' title='bbox 278 2974 368 3037; x_wconf 87' lang='lat' dir='ltr'><strong>unde</strong></span> <span class='ocrx_word' id='word_1_170' title='bbox 395 2973 553 3056; x_wconf 70' lang='lat' dir='ltr'><strong>contigit,</strong></span> <span class='ocrx_word' id='word_1_171' title='bbox 575 2972 668 3056; x_wconf 89' lang='lat' dir='ltr'><strong>quod</strong></span> <span class='ocrx_word' id='word_1_172' title='bbox 687 2979 791 3036; x_wconf 88' lang='lat' dir='ltr'><strong>nocte</strong></span> <span class='ocrx_word' id='word_1_173' title='bbox 812 2969 974 3052; x_wconf 85' lang='lat' dir='ltr'><strong>quadam,</strong></span> <span class='ocrx_word' id='word_1_174' title='bbox 1000 2969 1082 3031; x_wconf 93' lang='lat' dir='ltr'><strong>dum</strong></span> 
     </span>
     <span class='ocr_line' id='line_1_27' title="bbox 130 3066 1083 3156; baseline -0.002 -22"><span class='ocrx_word' id='word_1_175' title='bbox 130 3071 222 3135; x_wconf 88' lang='lat' dir='ltr'><strong>idem</strong></span> <span class='ocrx_word' id='word_1_176' title='bbox 240 3071 438 3138; x_wconf 85' lang='lat' dir='ltr'><strong>Gilebertus</strong></span> <span class='ocrx_word' id='word_1_177' title='bbox 451 3073 586 3156; x_wconf 83' lang='lat' dir='ltr'><strong>jaceret</strong></span> <span class='ocrx_word' id='word_1_178' title='bbox 601 3073 637 3135; x_wconf 94' lang='lat' dir='ltr'><strong>in</strong></span> <span class='ocrx_word' id='word_1_179' title='bbox 652 3077 765 3134; x_wconf 88' lang='lat' dir='ltr'><strong>strato</strong></span> <span class='ocrx_word' id='word_1_180' title='bbox 780 3088 857 3145; x_wconf 87' lang='lat' dir='ltr'><strong>suo,</strong></span> <span class='ocrx_word' id='word_1_181' title='bbox 872 3077 908 3132; x_wconf 92' lang='lat' dir='ltr'><strong>et</strong></span> <span class='ocrx_word' id='word_1_182' title='bbox 927 3066 1083 3132; x_wconf 86' lang='lat' dir='ltr'><strong>studeret</strong></span> 
     </span>
     <span class='ocr_line' id='line_1_28' title="bbox 130 3167 1081 3252; baseline -0.004 -18"><span class='ocrx_word' id='word_1_183' title='bbox 130 3172 224 3235; x_wconf 86' lang='lat' dir='ltr'><strong>circa</strong></span> <span class='ocrx_word' id='word_1_184' title='bbox 240 3171 475 3236; x_wconf 77' lang='lat' dir='ltr'><strong>contusionem</strong></span> <span class='ocrx_word' id='word_1_185' title='bbox 490 3170 740 3252; x_wconf 88' lang='lat' dir='ltr'><strong>archiepiscopi</strong></span> <span class='ocrx_word' id='word_1_186' title='bbox 765 3185 888 3251; x_wconf 90' lang='lat' dir='ltr'><strong>puram</strong></span> <span class='ocrx_word' id='word_1_187' title='bbox 905 3167 1081 3231; x_wconf 88' lang='lat' dir='ltr'><strong>conscien-</strong></span> 
     </span>
    </p>
   </div>
   <div class='ocr_carea' id='block_1_4' title="bbox 131 3264 1082 3349">
    <p class='ocr_par' dir='ltr' id='par_1_4' title="bbox 131 3264 1082 3349">
     <span class='ocr_line' id='line_1_29' title="bbox 131 3264 1082 3349; baseline -0.004 -16"><span class='ocrx_word' id='word_1_188' title='bbox 131 3269 217 3333; x_wconf 90' lang='lat' dir='ltr'><strong>tiam</strong></span> <span class='ocrx_word' id='word_1_189' title='bbox 239 3271 411 3348; x_wconf 86' lang='lat' dir='ltr'><strong>habcntis,</strong></span> <span class='ocrx_word' id='word_1_190' title='bbox 424 3278 461 3335; x_wconf 88' lang='lat' dir='ltr'><strong>et</strong></span> <span class='ocrx_word' id='word_1_191' title='bbox 475 3279 629 3335; x_wconf 84' lang='lat' dir='ltr'><strong>tenorem</strong></span> <span class='ocrx_word' id='word_1_192' title='bbox 651 3269 826 3333; x_wconf 77' lang='lat' dir='ltr'><strong>literarum</strong></span> <span class='ocrx_word' id='word_1_193' title='bbox 849 3264 934 3331; x_wconf 88' lang='lat' dir='ltr'><strong>nihil</strong></span> <span class='ocrx_word' id='word_1_194' title='bbox 956 3273 1082 3349; x_wconf 84' lang='lat' dir='ltr'><strong>praeter</strong></span> 
     </span>
    </p>
   </div>
   <div class='ocr_carea' id='block_1_5' title="bbox 129 3365 1082 3745">
    <p class='ocr_par' dir='ltr' id='par_1_5' title="bbox 129 3365 1082 3745">
     <span class='ocr_line' id='line_1_30' title="bbox 131 3365 1081 3452; baseline -0.002 -20"><span class='ocrx_word' id='word_1_195' title='bbox 131 3369 351 3452; x_wconf 82' lang='lat' dir='ltr'><strong>iniquitatem</strong></span> <span class='ocrx_word' id='word_1_196' title='bbox 380 3369 642 3444; x_wconf 87' lang='lat' dir='ltr'><strong>continentium,</strong></span> <span class='ocrx_word' id='word_1_197' title='bbox 673 3368 807 3432; x_wconf 82' lang='lat' dir='ltr'><strong>audivit</strong></span> <span class='ocrx_word' id='word_1_198' title='bbox 835 3385 954 3432; x_wconf 83' lang='lat' dir='ltr'><strong>vocem</strong></span> <span class='ocrx_word' id='word_1_199' title='bbox 979 3365 1081 3431; x_wconf 79' lang='lat' dir='ltr'><strong>valde</strong></span> 
     </span>
     <span class='ocr_line' id='line_1_31' title="bbox 131 3467 1081 3552; baseline -0.004 -21"><span class='ocrx_word' id='word_1_200' title='bbox 131 3469 319 3533; x_wconf 86' lang='lat' dir='ltr'><strong>terribilem</strong></span> <span class='ocrx_word' id='word_1_201' title='bbox 351 3470 500 3552; x_wconf 85' lang='lat' dir='ltr'><strong>desuper</strong></span> <span class='ocrx_word' id='word_1_202' title='bbox 525 3469 686 3532; x_wconf 85' lang='lat' dir='ltr'><strong>emissam</strong></span> <span class='ocrx_word' id='word_1_203' title='bbox 718 3467 786 3531; x_wconf 87' lang='lat' dir='ltr'><strong>sibi</strong></span> <span class='ocrx_word' id='word_1_204' title='bbox 817 3474 937 3548; x_wconf 88' lang='lat' dir='ltr'><strong>aperte</strong></span> <span class='ocrx_word' id='word_1_205' title='bbox 964 3467 1081 3529; x_wconf 89' lang='lat' dir='ltr'><strong>dicen-</strong></span> 
     </span>
     <span class='ocr_line' id='line_1_32' title="bbox 129 3565 1082 3644; baseline -0.005 -13"><span class='ocrx_word' id='word_1_206' title='bbox 129 3575 213 3644; x_wconf 92' lang='lat' dir='ltr'><strong>tem,</strong></span> <span class='ocrx_word' id='word_1_207' title='bbox 229 3568 284 3631; x_wconf 81' lang='lat'><strong>‘0</strong></span> <span class='ocrx_word' id='word_1_208' title='bbox 315 3567 491 3633; x_wconf 88' lang='lat' dir='ltr'><strong>Gileberte</strong></span> <span class='ocrx_word' id='word_1_209' title='bbox 517 3567 645 3644; x_wconf 88' lang='lat' dir='ltr'><strong>Foliot,</strong></span> <span class='ocrx_word' id='word_1_210' title='bbox 667 3567 750 3630; x_wconf 91' lang='lat' dir='ltr'><strong>dum</strong></span> <span class='ocrx_word' id='word_1_211' title='bbox 779 3565 931 3631; x_wconf 79' lang='lat' dir='ltr'><strong>revolvis</strong></span> <span class='ocrx_word' id='word_1_212' title='bbox 963 3571 1016 3627; x_wconf 87' lang='lat' dir='ltr'><strong>tot</strong></span> <span class='ocrx_word' id='word_1_213' title='bbox 1046 3571 1082 3626; x_wconf 89' lang='lat' dir='ltr'><strong>et</strong></span> 
     </span>
     <span class='ocr_line' id='line_1_33' title="bbox 130 3658 699 3745; baseline 0 -15"><span class='ocrx_word' id='word_1_214' title='bbox 130 3674 196 3745; x_wconf 92' lang='lat' dir='ltr'><strong>tot,</strong></span> <span class='ocrx_word' id='word_1_215' title='bbox 213 3668 310 3731; x_wconf 85' lang='lat' dir='ltr'><strong>Deus</strong></span> <span class='ocrx_word' id='word_1_216' title='bbox 327 3674 408 3731; x_wconf 88' lang='lat' dir='ltr'><strong>tuus</strong></span> <span class='ocrx_word' id='word_1_217' title='bbox 423 3675 475 3730; x_wconf 83' lang='lat' dir='ltr'><strong>est</strong></span> <span class='ocrx_word' id='word_1_218' title='bbox 491 3658 699 3730; x_wconf 86' lang='lat' dir='ltr'><strong>¹Astarotb.&#39;</strong></span> 
     </span>
    </p>
   </div>
   <div class='ocr_carea' id='block_1_6' title="bbox 129 3875 1081 4014">
    <p class='ocr_par' dir='ltr' id='par_1_6' title="bbox 129 3875 1081 4014">
     <span class='ocr_line' id='line_1_34' title="bbox 164 3875 1081 3960; baseline -0.008 -17"><span class='ocrx_word' id='word_1_219' title='bbox 164 3885 323 3960; x_wconf 77' lang='lat' dir='ltr'><strong>¹Astarctb.]</strong></span> <span class='ocrx_word' id='word_1_220' title='bbox 340 3891 384 3941; x_wconf 83' lang='lat' dir='ltr'><strong>He</strong></span> <span class='ocrx_word' id='word_1_221' title='bbox 395 3889 418 3940; x_wconf 85' lang='lat' dir='ltr'><strong>is</strong></span> <span class='ocrx_word' id='word_1_222' title='bbox 430 3891 486 3941; x_wconf 80' lang='lat' dir='ltr'><strong>said</strong></span> <span class='ocrx_word' id='word_1_223' title='bbox 494 3875 520 3939; x_wconf 82' lang='lat' dir='ltr'><strong>to</strong></span> <span class='ocrx_word' id='word_1_224' title='bbox 531 3890 596 3940; x_wconf 84' lang='lat' dir='ltr'><strong>have</strong></span> <span class='ocrx_word' id='word_1_225' title='bbox 603 3889 745 3952; x_wconf 80' lang='lat' dir='ltr'><strong>answered,</strong></span> <span class='ocrx_word' id='word_1_226' title='bbox 755 3889 888 3939; x_wconf 81' lang='lat' dir='ltr'><strong>‘Mentiris</strong></span> <span class='ocrx_word' id='word_1_227' title='bbox 895 3886 1081 3949; x_wconf 63' lang='lat' dir='ltr'><strong>daenonffleur</strong></span> 
     </span>
     <span class='ocr_line' id='line_1_35' title="bbox 129 3956 475 4014; baseline -0.012 0"><span class='ocrx_word' id='word_1_228' title='bbox 129 3978 202 4014; x_wconf 71' lang='lat' dir='ltr'><strong>naeus</strong></span> <span class='ocrx_word' id='word_1_229' title='bbox 211 3966 252 4014; x_wconf 85' lang='lat' dir='ltr'><strong>est</strong></span> <span class='ocrx_word' id='word_1_230' title='bbox 264 3963 337 4012; x_wconf 78' lang='lat' dir='ltr'><strong>Dens</strong></span> <span class='ocrx_word' id='word_1_231' title='bbox 349 3956 475 4011; x_wconf 73' lang='lat' dir='ltr'><strong>Sabaotn’</strong></span> 
     </span>
    </p>
   </div>
   <div class='ocr_carea' id='block_1_7' title="bbox 0 0 1414 4882">
    <p class='ocr_par' dir='ltr' id='par_1_7' title="bbox 0 0 1414 4882">
     <span class='ocr_line' id='line_1_36' title="bbox 0 0 1414 4882; baseline 0 4"><span class='ocrx_word' id='word_1_232' title='bbox 0 0 1414 4882; x_wconf 95' lang='lat' dir='ltr'><strong> </strong></span> 
     </span>
    </p>
   </div>
  </div>
 </body>
</html>
