2820 4882
433 454 572 501 ruoaus
595 455 864 503 ursronmutrr.
1061 440 1128 504 ata

172 607 264 688 quod
279 625 343 670 nec
359 627 476 689 regem
495 606 816 690 Hierosolymamm
835 609 890 672 rel
906 609 1120 673 Francorum
1137 630 1192 690 nn.
1205 632 1261 671 no.

172 725 250 769 cum
287 727 407 771 eorum
443 709 638 790 legionibus
674 708 838 772 accedere
875 710 1115 790 permiserunt.
1136 682 1262 771 ma

173 804 254 883 Quo
273 808 427 888 cognito,
449 808 638 890 imperator
653 807 836 872 Gonmdus
857 809 910 871 ira
926 809 1121 874 vehementi

171 925 357 970 succensus
377 928 439 989 per
453 908 584 971 medias
600 909 812 971 Francorum
832 910 926 971 acies
941 929 1021 971 cum
1046 910 1120 973 suis

171 1005 383 1088 principibus
403 1008 446 1070 ad
470 1008 665 1071 certaminis
683 1008 796 1070 locum
813 1010 983 1089 pervenit,
998 1020 1034 1072 et
1049 1011 1120 1072 cui·

171 1104 250 1167 dam
280 1125 326 1169 ex
354 1106 489 1183 Turcis‚
521 1107 678 1170 fidelibus
701 1107 849 1170 viriliter
877 1108 1052 1171 resistenti
1083 1118 1119 1172 et

170 1211 309 1269 strenue
346 1205 534 1282 dimicanti,
565 1214 671 1288 caput
705 1206 893 1287 galeatum,
926 1208 1054 1270 collum
1085 1216 1121 1272 et

171 1303 351 1368 humerum
383 1306 576 1382 loricatum,
604 1306 782 1369 brachium
823 1307 1002 1369 sinistrum
1040 1327 1118 1370 cum

170 1404 327 1487 subjecto
351 1404 472 1484 latere,
487 1426 510 1469 a
528 1407 663 1487 reliquo
684 1426 829 1488 corpore
853 1407 978 1471 educto
1000 1407 1118 1489 gladio

171 1505 367 1585 separavit3
404 1506 495 1587 quod
534 1506 663 1571 factum
700 1506 816 1570 hostes
853 1507 904 1570 ita
936 1507 1117 1585 deterruit,

170 1603 260 1684 quod
283 1623 404 1668 versus
431 1607 562 1683 urbem,
588 1606 728 1669 flumine
751 1607 882 1683 relicto,
909 1606 1029 1688 fugere
1058 1608 1118 1672 de·

170 1710 354 1767 certarent.
406 1704 560 1770 Obtento
591 1707 710 1788 itaque
741 1706 893 1781 flumine,
923 1706 1041 1770 fideles
1073 1708 1117 1772 ad

172 1804 290 1866 urbem
323 1804 465 1868 liberius
488 1805 692 1869 accedentes
714 1824 792 1868 eam
818 1804 996 1869 obsidione
1018 1807 1118 1870 cinx-

170 1911 283 1980 erunt,
304 1904 396 1968 unde
418 1905 511 1970 cives
534 1914 613 1988 post
635 1906 774 1986 longam
796 1904 1009 1969 obsidionem
1033 1906 1116 1970 tide-

170 2000 253 2065 lium
270 2004 435 2068 virtutem
453 2013 646 2070 metuentes
660 2013 695 2068 et
710 2024 901 2080 numerum,
915 2006 1117 2086 compositis

170 2103 328 2181 sarcinis,
345 2105 434 2168 clam
454 2113 489 2169 et
510 2105 554 2169 de
576 2112 677 2169 nocte
699 2104 900 2168 decivitate
918 2102 1038 2186 fugere
1055 2105 1116 2169 de·

169 2210 373 2283 creverunt3
396 2205 456 2267 sed
472 2205 570 2287 prius
592 2213 787 2268 nostrorum
810 2204 955 2280 animos,
970 2224 1117 2286 quorum

169 2321 316 2383 corpora
329 2304 466 2368 vincere
490 2306 690 2389 nequibant,
707 2322 925 2385 corrumpere
943 2310 1118 2368 tentantes

170 2401 336 2467 dederunt
362 2403 568 2486 qussrusdam
597 2405 811 2487 principibus
842 2424 888 2467 ex
917 2405 1044 2468 nostris
1074 2405 1117 2468 de

170 2500 326 2582 partibus
358 2503 499 2569 orientis
530 2505 713 2588 pecuniam
742 2503 923 2580 infinitam,
952 2504 1011 2586 qui
1036 2505 1117 2570 inde

170 2601 356 2682 proditoris
370 2604 480 2669 vicem
497 2612 657 2686 gerentes
673 2604 887 2668 obsidionem
904 2603 1040 2668 solvere
1057 2624 1116 2668 co-

171 2710 349 2767 narentur.
401 2703 620 2768 Instantibus
637 2711 756 2768 autem
777 2704 820 2766 ad
844 2704 909 2766 boc
931 2703 1116 2784 proditori·

169 2801 233 2864 bus
249 2802 460 2881 memoratis»,
475 2804 656 2887 loquentes
674 2823 752 2867 cum
768 2804 975 2885 imperatore
989 2811 1025 2867 et
1036 2824 1116 2886 rege

170 2900 383 2965 Francorum
411 2903 448 2965 in
474 2904 554 2968 dolo
579 2905 727 2985 inceptae
754 2902 942 2966 obsidionis
973 2902 1117 2966 difficul-

169 3007 277 3064 tatem
299 3001 511 3083 allegabant,
535 3011 570 3067 et
594 3005 638 3067 ob
660 3003 726 3067 hoc
749 3002 825 3065 aliis
851 3010 951 3066 erant
972 3001 1014 3066 de
1039 3022 1117 3084 pro-

169 3099 299 3164 ditione
313 3102 474 3183 suspecti.
516 3102 617 3166 Unde
632 3102 817 3167 eorundem
832 3101 1023 3183 principum
1043 3121 1116 3164 ma-

168 3199 279 3263 litiam
307 3201 525 3265 manifestam
553 3201 782 3278 attendentes
815 3209 850 3265 et
872 3200 1027 3264 fraudem
1050 3202 1117 3264 ori-

168 3299 335 3363 entalium
353 3301 577 3378 detestanteS,
602 3322 721 3366 omnes
749 3306 921 3383 quotquot
947 3308 1046 3364 erant
1073 3300 1116 3364 de

167 3399 325 3481 partibus
348 3401 548 3477 occidentis,
571 3401 701 3483 praevio
724 3402 931 3482 imperatore
950 3407 986 3463 et
1005 3399 1115 3462 Fran-

169 3516 288 3563 corum
314 3519 412 3582 rege,
436 3500 480 3562 ad
502 3520 610 3582 regna
632 3519 709 3577 sua,
736 3499 855 3563 eadem
881 3498 940 3563 via
962 3518 1032 3581 qua
1056 3519 1116 3563 ve·

168 3606 303 3676 nerant,
333 3607 415 3663 sunt
446 3601 596 3680 reversi;
625 3600 684 3681 qui
712 3599 873 3681 deinceps
903 3618 973 3661 non
1005 3598 1116 3661 solum

168 3697 256 3774 illos,
296 3699 356 3782 qui
388 3698 468 3763 huic
500 3699 689 3781 proditioni
718 3699 960 3776 interfuerunt,
989 3697 1050 3760 sed
1081 3705 1117 3762 et

169 3799 322 3861 omnium
359 3799 577 3863 orientalium
607 3799 800 3882 principum
831 3798 1117 3861 abominabantur

167 3898 353 3974 consortia,
371 3906 407 3963 et
421 3899 508 3963 alios
524 3899 568 3963 ad
585 3899 689 3983 hujus
712 3896 998 3980 peregrinationis
1021 3915 1116 3960 amo-

170 4017 239 4061 rem
272 3999 384 4062 minus
410 3998 603 4063 efficiebant
626 3999 810 4063 ferventes.
865 3996 996 4060 Eodem
1024 4015 1116 4061 anno

169 4096 344 4161 Robertus
369 4098 411 4162 de
430 4092 644 4176 ¹Chaisneio,
667 4097 928 4162 archidiaconus
948 4096 1119 4179 Legecos·

250 4244 421 4319 'Choboeiofl
439 4266 468 4300 or
478 4252 511 4300 de
520 4251 662 4312 Querceto;
673 4252 705 4301 he
717 4251 777 4300 died
788 4251 814 4299 in
827 4249 943 4312 lanuary
956 4254 1029 4368 11627.

966 4333 982 4367 r
