<?xml version="1.0" encoding="UTF-8"?>
<!DOCTYPE html PUBLIC "-//W3C//DTD XHTML 1.0 Transitional//EN"
    "http://www.w3.org/TR/xhtml1/DTD/xhtml1-transitional.dtd">
<html xmlns="http://www.w3.org/1999/xhtml" xml:lang="en" lang="en">
 <head>
  <title>
</title>
<meta http-equiv="Content-Type" content="text/html;charset=utf-8" />
  <meta name='ocr-system' content='tesseract 3.04.00' />
  <meta name='ocr-capabilities' content='ocr_page ocr_carea ocr_par ocr_line ocrx_word'/>
</head>
<body>
  <div class='ocr_page' id='page_1' title='image "./rogeridewendove01rogegoog_0244.png"; bbox 0 0 2820 4882; ppageno 0'>
   <div class='ocr_carea' id='block_1_1' title="bbox 382 396 1075 476">
    <p class='ocr_par' dir='ltr' id='par_1_1' title="bbox 382 396 1075 476">
     <span class='ocr_line' id='line_1_1' title="bbox 382 396 1075 476; baseline -0.004 -11"><span class='ocrx_word' id='word_1_1' title='bbox 382 417 526 476; x_wconf 66' lang='lat' dir='ltr'>pronus</span> <span class='ocrx_word' id='word_1_2' title='bbox 549 417 816 466; x_wconf 78' lang='lat' dir='ltr'>ursronrnnuu.</span> <span class='ocrx_word' id='word_1_3' title='bbox 1009 396 1075 462; x_wconf 74' lang='lat'>233</span> 
     </span>
    </p>
   </div>
   <div class='ocr_carea' id='block_1_2' title="bbox 124 572 1210 1648">
    <p class='ocr_par' dir='ltr' id='par_1_2' title="bbox 124 572 1210 1648">
     <span class='ocr_line' id='line_1_2' title="bbox 125 572 1210 658; baseline -0.01 -18"><span class='ocrx_word' id='word_1_4' title='bbox 125 579 330 642; x_wconf 89' lang='lat' dir='ltr'>nicaverunt</span> <span class='ocrx_word' id='word_1_5' title='bbox 351 585 468 640; x_wconf 88' lang='lat' dir='ltr'>autem</span> <span class='ocrx_word' id='word_1_6' title='bbox 491 597 622 654; x_wconf 91' lang='lat' dir='ltr'>omnes,</span> <span class='ocrx_word' id='word_1_7' title='bbox 640 577 699 658; x_wconf 90' lang='lat' dir='ltr'>qui</span> <span class='ocrx_word' id='word_1_8' title='bbox 723 584 845 639; x_wconf 91' lang='lat' dir='ltr'>contra</span> <span class='ocrx_word' id='word_1_9' title='bbox 866 573 932 636; x_wconf 93' lang='lat' dir='ltr'>hoc</span> <span class='ocrx_word' id='word_1_10' title='bbox 955 572 1073 637; x_wconf 90' lang='lat' dir='ltr'>decre·</span> <span class='ocrx_word' id='word_1_11' title='bbox 1087 589 1142 630; x_wconf 69' lang='lat' dir='ltr'>an.</span> <span class='ocrx_word' id='word_1_12' title='bbox 1155 590 1210 628; x_wconf 80' lang='lat'>1142.</span> 
     </span>
     <span class='ocr_line' id='line_1_3' title="bbox 124 673 1073 754; baseline -0.006 -14"><span class='ocrx_word' id='word_1_13' title='bbox 124 686 196 741; x_wconf 89' lang='lat' dir='ltr'>tum</span> <span class='ocrx_word' id='word_1_14' title='bbox 215 678 385 754; x_wconf 89' lang='lat' dir='ltr'>venirent,</span> <span class='ocrx_word' id='word_1_15' title='bbox 403 677 555 740; x_wconf 91' lang='lat' dir='ltr'>candelis</span> <span class='ocrx_word' id='word_1_16' title='bbox 577 676 744 751; x_wconf 66' lang='lat' dir='ltr'>accensis</span> <span class='ocrx_word' id='word_1_17' title='bbox 763 683 797 738; x_wconf 91' lang='lat' dir='ltr'>et</span> <span class='ocrx_word' id='word_1_18' title='bbox 817 675 867 737; x_wconf 90' lang='lat' dir='ltr'>sic</span> <span class='ocrx_word' id='word_1_19' title='bbox 888 673 1073 736; x_wconf 83' lang='lat' dir='ltr'><strong>milvorum</strong></span> 
     </span>
     <span class='ocr_line' id='line_1_4' title="bbox 125 773 1074 859; baseline -0.005 -21"><span class='ocrx_word' id='word_1_20' title='bbox 125 779 299 859; x_wconf 80' lang='lat' dir='ltr'>rapacitas</span> <span class='ocrx_word' id='word_1_21' title='bbox 312 775 566 859; x_wconf 91' lang='lat' dir='ltr'>aliquantulum</span> <span class='ocrx_word' id='word_1_22' title='bbox 581 775 788 856; x_wconf 89' lang='lat' dir='ltr'>conquievit.</span> <span class='ocrx_word' id='word_1_23' title='bbox 843 773 972 836; x_wconf 89' lang='lat' dir='ltr'>Eodem</span> <span class='ocrx_word' id='word_1_24' title='bbox 987 779 1074 835; x_wconf 88' lang='lat' dir='ltr'>tem-</span> 
     </span>
     <span class='ocr_line' id='line_1_5' title="bbox 125 867 1075 957; baseline -0.007 -18"><span class='ocrx_word' id='word_1_25' title='bbox 125 896 208 957; x_wconf 87' lang='lat' dir='ltr'><strong>pore</strong></span> <span class='ocrx_word' id='word_1_26' title='bbox 222 896 287 939; x_wconf 84' lang='lat' dir='ltr'>rex</span> <span class='ocrx_word' id='word_1_27' title='bbox 302 874 500 957; x_wconf 85' lang='lat' dir='ltr'>Stephanus</span> <span class='ocrx_word' id='word_1_28' title='bbox 517 867 850 956; x_wconf 88' lang='lat' dir='ltr'>cepit¹Willelmum</span> <span class='ocrx_word' id='word_1_29' title='bbox 867 872 910 934; x_wconf 94' lang='lat' dir='ltr'>de</span> <span class='ocrx_word' id='word_1_30' title='bbox 927 869 1075 934; x_wconf 82' lang='lat' dir='ltr'>Mande-</span> 
     </span>
     <span class='ocr_line' id='line_1_6' title="bbox 127 969 1074 1058; baseline -0.008 -20"><span class='ocrx_word' id='word_1_31' title='bbox 127 976 210 1038; x_wconf 89' lang='lat' dir='ltr'>villa</span> <span class='ocrx_word' id='word_1_32' title='bbox 225 976 317 1058; x_wconf 91' lang='lat' dir='ltr'>apud</span> <span class='ocrx_word' id='word_1_33' title='bbox 340 982 498 1037; x_wconf 91' lang='lat' dir='ltr'>sanctum</span> <span class='ocrx_word' id='word_1_34' title='bbox 516 972 703 1049; x_wconf 85' lang='lat' dir='ltr'>Albanum,</span> <span class='ocrx_word' id='word_1_35' title='bbox 721 973 812 1036; x_wconf 90' lang='lat' dir='ltr'>unde</span> <span class='ocrx_word' id='word_1_36' title='bbox 828 969 977 1034; x_wconf 84' lang='lat' dir='ltr'>reddidit</span> <span class='ocrx_word' id='word_1_37' title='bbox 999 969 1074 1050; x_wconf 82' lang='lat' dir='ltr'>regi</span> 
     </span>
     <span class='ocr_line' id='line_1_7' title="bbox 127 1068 1074 1138; baseline -0.008 0"><span class='ocrx_word' id='word_1_38' title='bbox 127 1082 255 1138; x_wconf 89' lang='lat' dir='ltr'>turrem</span> <span class='ocrx_word' id='word_1_39' title='bbox 277 1074 534 1138; x_wconf 86' lang='lat' dir='ltr'>Londoniarum</span> <span class='ocrx_word' id='word_1_40' title='bbox 553 1092 630 1135; x_wconf 90' lang='lat' dir='ltr'>cum</span> <span class='ocrx_word' id='word_1_41' title='bbox 653 1072 806 1136; x_wconf 83' lang='lat' dir='ltr'>castellis</span> <span class='ocrx_word' id='word_1_42' title='bbox 822 1070 865 1133; x_wconf 90' lang='lat' dir='ltr'>de</span> <span class='ocrx_word' id='word_1_43' title='bbox 882 1068 1074 1133; x_wconf 88' lang='lat' dir='ltr'>Waledenc</span> 
     </span>
     <span class='ocr_line' id='line_1_8' title="bbox 126 1169 1073 1255; baseline -0.011 -18"><span class='ocrx_word' id='word_1_44' title='bbox 126 1181 161 1238; x_wconf 89' lang='lat' dir='ltr'>et</span> <span class='ocrx_word' id='word_1_45' title='bbox 187 1173 230 1237; x_wconf 85' lang='lat' dir='ltr'>de</span> <span class='ocrx_word' id='word_1_46' title='bbox 261 1173 393 1236; x_wconf 87' lang='lat' dir='ltr'>Plessiz</span> <span class='ocrx_word' id='word_1_47' title='bbox 425 1179 612 1255; x_wconf 90' lang='lat' dir='ltr'>antequam</span> <span class='ocrx_word' id='word_1_48' title='bbox 645 1192 667 1234; x_wconf 91' lang='lat' dir='ltr'>a</span> <span class='ocrx_word' id='word_1_49' title='bbox 692 1170 840 1237; x_wconf 90' lang='lat' dir='ltr'>vinculis</span> <span class='ocrx_word' id='word_1_50' title='bbox 868 1169 1073 1242; x_wconf 85' lang='lat' dir='ltr'>solveretur,</span> 
     </span>
     <span class='ocr_line' id='line_1_9' title="bbox 126 1266 1074 1355; baseline -0.008 -20"><span class='ocrx_word' id='word_1_51' title='bbox 126 1273 184 1354; x_wconf 92' lang='lat' dir='ltr'>qui</span> <span class='ocrx_word' id='word_1_52' title='bbox 217 1292 337 1337; x_wconf 90' lang='lat' dir='ltr'>carens</span> <span class='ocrx_word' id='word_1_53' title='bbox 370 1271 644 1355; x_wconf 87' lang='lat' dir='ltr'>possessionibus</span> <span class='ocrx_word' id='word_1_54' title='bbox 672 1271 827 1352; x_wconf 88' lang='lat' dir='ltr'>paternis</span> <span class='ocrx_word' id='word_1_55' title='bbox 855 1267 983 1331; x_wconf 84' lang='lat' dir='ltr'>invasit</span> <span class='ocrx_word' id='word_1_56' title='bbox 1013 1266 1074 1328; x_wconf 91' lang='lat' dir='ltr'>ab·</span> 
     </span>
     <span class='ocr_line' id='line_1_10' title="bbox 128 1364 1075 1451; baseline -0.008 -17"><span class='ocrx_word' id='word_1_57' title='bbox 128 1373 258 1436; x_wconf 88' lang='lat' dir='ltr'>batiam</span> <span class='ocrx_word' id='word_1_58' title='bbox 278 1373 551 1445; x_wconf 89' lang='lat' dir='ltr'>Ramesiensem‚</span> <span class='ocrx_word' id='word_1_59' title='bbox 572 1377 690 1451; x_wconf 90' lang='lat' dir='ltr'>atque,</span> <span class='ocrx_word' id='word_1_60' title='bbox 706 1367 884 1432; x_wconf 84' lang='lat' dir='ltr'>monachis</span> <span class='ocrx_word' id='word_1_61' title='bbox 906 1364 1075 1448; x_wconf 86' lang='lat' dir='ltr'>expulsis,</span> 
     </span>
     <span class='ocr_line' id='line_1_11' title="bbox 128 1469 1076 1553; baseline -0.011 -17"><span class='ocrx_word' id='word_1_62' title='bbox 128 1479 284 1553; x_wconf 87' lang='lat' dir='ltr'>raptores</span> <span class='ocrx_word' id='word_1_63' title='bbox 306 1471 470 1550; x_wconf 79' lang='lat' dir='ltr'>immisit3</span> <span class='ocrx_word' id='word_1_64' title='bbox 500 1477 576 1534; x_wconf 89' lang='lat' dir='ltr'>erat</span> <span class='ocrx_word' id='word_1_65' title='bbox 599 1477 714 1532; x_wconf 88' lang='lat' dir='ltr'>autem</span> <span class='ocrx_word' id='word_1_66' title='bbox 738 1469 792 1532; x_wconf 83' lang='lat' dir='ltr'>vir</span> <span class='ocrx_word' id='word_1_67' title='bbox 822 1486 958 1547; x_wconf 85' lang='lat' dir='ltr'>magnae</span> <span class='ocrx_word' id='word_1_68' title='bbox 986 1471 1076 1528; x_wconf 82' lang='lat' dir='ltr'>stre·</span> 
     </span>
     <span class='ocr_line' id='line_1_12' title="bbox 128 1565 988 1648; baseline -0.009 -15"><span class='ocrx_word' id='word_1_69' title='bbox 128 1571 284 1648; x_wconf 83' lang='lat' dir='ltr'>nuitatis,</span> <span class='ocrx_word' id='word_1_70' title='bbox 298 1571 358 1634; x_wconf 90' lang='lat' dir='ltr'>sed</span> <span class='ocrx_word' id='word_1_71' title='bbox 377 1570 539 1633; x_wconf 86' lang='lat' dir='ltr'>maximae</span> <span class='ocrx_word' id='word_1_72' title='bbox 553 1570 589 1631; x_wconf 93' lang='lat' dir='ltr'>in</span> <span class='ocrx_word' id='word_1_73' title='bbox 605 1568 718 1632; x_wconf 90' lang='lat' dir='ltr'>Deum</span> <span class='ocrx_word' id='word_1_74' title='bbox 736 1565 988 1631; x_wconf 86' lang='lat' dir='ltr'>obstinationis.</span> 
     </span>
    </p>
   </div>
   <div class='ocr_carea' id='block_1_3' title="bbox 235 1742 969 1827">
    <p class='ocr_par' dir='ltr' id='par_1_3' title="bbox 235 1742 969 1827">
     <span class='ocr_line' id='line_1_13' title="bbox 235 1742 969 1827; baseline 0.007 -21"><span class='ocrx_word' id='word_1_75' title='bbox 235 1745 286 1807; x_wconf 77' lang='lat' dir='ltr'>Dc</span> <span class='ocrx_word' id='word_1_76' title='bbox 301 1754 394 1807; x_wconf 81' lang='lat' dir='ltr'>morto</span> <span class='ocrx_word' id='word_1_77' title='bbox 409 1743 570 1818; x_wconf 77' lang='lat' dir='ltr'>Falconis,</span> <span class='ocrx_word' id='word_1_78' title='bbox 588 1742 668 1827; x_wconf 73' lang='lat' dir='ltr'>rapis</span> <span class='ocrx_word' id='word_1_79' title='bbox 682 1743 969 1827; x_wconf 77' lang='lat' dir='ltr'>Hierosolymitooi.</span> 
     </span>
    </p>
   </div>
   <div class='ocr_carea' id='block_1_4' title="bbox 128 1866 1237 3635">
    <p class='ocr_par' dir='ltr' id='par_1_4' title="bbox 128 1866 1237 3635">
     <span class='ocr_line' id='line_1_14' title="bbox 180 1866 1190 1971; baseline 0.006 -41"><span class='ocrx_word' id='word_1_80' title='bbox 180 1866 310 1930; x_wconf 85' lang='lat' dir='ltr'>Eodem</span> <span class='ocrx_word' id='word_1_81' title='bbox 327 1874 482 1948; x_wconf 90' lang='lat' dir='ltr'>tempore</span> <span class='ocrx_word' id='word_1_82' title='bbox 500 1866 620 1943; x_wconf 87' lang='lat' dir='ltr'>Fulco,</span> <span class='ocrx_word' id='word_1_83' title='bbox 637 1886 700 1929; x_wconf 88' lang='lat' dir='ltr'>rex</span> <span class='ocrx_word' id='word_1_84' title='bbox 721 1866 1075 1952; x_wconf 88' lang='lat' dir='ltr'>Hierosolymitanus,</span> <span class='ocrx_word' id='word_1_85' title='bbox 1088 1881 1190 1971; x_wconf 53' lang='lat' dir='ltr'>gefghkqf</span> 
     </span>
     <span class='ocr_line' id='line_1_15' title="bbox 130 1943 1237 2050; baseline 0.003 -21"><span class='ocrx_word' id='word_1_86' title='bbox 130 1959 286 2047; x_wconf 77' lang='lat' dir='ltr'>campos²</span> <span class='ocrx_word' id='word_1_87' title='bbox 300 1966 534 2049; x_wconf 90' lang='lat' dir='ltr'>pertransiens</span> <span class='ocrx_word' id='word_1_88' title='bbox 555 1964 786 2043; x_wconf 76' lang='lat' dir='ltr'>Acconenses</span> <span class='ocrx_word' id='word_1_89' title='bbox 803 1970 950 2050; x_wconf 81' lang='lat' dir='ltr'>contigit</span> <span class='ocrx_word' id='word_1_90' title='bbox 966 1977 1004 2034; x_wconf 91' lang='lat' dir='ltr'>ut</span> <span class='ocrx_word' id='word_1_91' title='bbox 1027 1970 1075 2034; x_wconf 89' lang='lat' dir='ltr'>le-</span> <span class='ocrx_word' id='word_1_92' title='bbox 1086 1943 1237 2023; x_wconf 59' lang='lat' dir='ltr'>abadia.</span> 
     </span>
     <span class='ocr_line' id='line_1_16' title="bbox 131 2064 1076 2147; baseline 0.006 -20"><span class='ocrx_word' id='word_1_93' title='bbox 131 2083 245 2147; x_wconf 90' lang='lat' dir='ltr'>porem</span> <span class='ocrx_word' id='word_1_94' title='bbox 274 2066 442 2128; x_wconf 86' lang='lat' dir='ltr'>excitaret</span> <span class='ocrx_word' id='word_1_95' title='bbox 468 2064 668 2141; x_wconf 81' lang='lat' dir='ltr'>sedentem3</span> <span class='ocrx_word' id='word_1_96' title='bbox 703 2086 805 2147; x_wconf 92' lang='lat' dir='ltr'>quem</span> <span class='ocrx_word' id='word_1_97' title='bbox 838 2086 915 2129; x_wconf 90' lang='lat' dir='ltr'>cum</span> <span class='ocrx_word' id='word_1_98' title='bbox 945 2069 1076 2133; x_wconf 91' lang='lat' dir='ltr'>clamor</span> 
     </span>
     <span class='ocr_line' id='line_1_17' title="bbox 131 2163 1074 2249; baseline 0.005 -22"><span class='ocrx_word' id='word_1_99' title='bbox 131 2164 281 2227; x_wconf 91' lang='lat' dir='ltr'>omnium</span> <span class='ocrx_word' id='word_1_100' title='bbox 298 2165 537 2245; x_wconf 84' lang='lat' dir='ltr'>insequeretur</span> <span class='ocrx_word' id='word_1_101' title='bbox 547 2163 749 2244; x_wconf 84' lang='lat' dir='ltr'>fugientem,</span> <span class='ocrx_word' id='word_1_102' title='bbox 761 2185 835 2242; x_wconf 89' lang='lat' dir='ltr'>rex,</span> <span class='ocrx_word' id='word_1_103' title='bbox 845 2176 985 2249; x_wconf 89' lang='lat' dir='ltr'>arrepta</span> <span class='ocrx_word' id='word_1_104' title='bbox 998 2169 1074 2231; x_wconf 90' lang='lat' dir='ltr'>lan·</span> 
     </span>
     <span class='ocr_line' id='line_1_18' title="bbox 129 2264 1074 2347; baseline 0.004 -21"><span class='ocrx_word' id='word_1_105' title='bbox 129 2283 199 2340; x_wconf 84' lang='lat' dir='ltr'>cea,</span> <span class='ocrx_word' id='word_1_106' title='bbox 216 2272 257 2326; x_wconf 93' lang='lat' dir='ltr'>ut</span> <span class='ocrx_word' id='word_1_107' title='bbox 272 2264 424 2347; x_wconf 91' lang='lat' dir='ltr'>leporem</span> <span class='ocrx_word' id='word_1_108' title='bbox 448 2265 646 2339; x_wconf 88' lang='lat' dir='ltr'>insectaret,</span> <span class='ocrx_word' id='word_1_109' title='bbox 664 2283 790 2345; x_wconf 86' lang='lat' dir='ltr'>equum</span> <span class='ocrx_word' id='word_1_110' title='bbox 806 2265 998 2330; x_wconf 90' lang='lat' dir='ltr'>calcaribus</span> <span class='ocrx_word' id='word_1_111' title='bbox 1020 2269 1074 2330; x_wconf 92' lang='lat' dir='ltr'>in-</span> 
     </span>
     <span class='ocr_line' id='line_1_19' title="bbox 129 2363 1074 2444; baseline 0.004 -18"><span class='ocrx_word' id='word_1_112' title='bbox 129 2364 284 2426; x_wconf 83' lang='lat' dir='ltr'>consulte</span> <span class='ocrx_word' id='word_1_113' title='bbox 307 2364 465 2444; x_wconf 85' lang='lat' dir='ltr'>urgebat,</span> <span class='ocrx_word' id='word_1_114' title='bbox 491 2363 549 2443; x_wconf 93' lang='lat' dir='ltr'>qui</span> <span class='ocrx_word' id='word_1_115' title='bbox 575 2383 728 2444; x_wconf 87' lang='lat' dir='ltr'>praeceps</span> <span class='ocrx_word' id='word_1_116' title='bbox 753 2383 918 2428; x_wconf 91' lang='lat' dir='ltr'>corruens</span> <span class='ocrx_word' id='word_1_117' title='bbox 941 2367 978 2429; x_wconf 91' lang='lat' dir='ltr'>in</span> <span class='ocrx_word' id='word_1_118' title='bbox 1005 2374 1074 2430; x_wconf 92' lang='lat' dir='ltr'>ter·</span> 
     </span>
     <span class='ocr_line' id='line_1_20' title="bbox 130 2461 1072 2549; baseline 0.003 -23"><span class='ocrx_word' id='word_1_119' title='bbox 130 2482 201 2526; x_wconf 90' lang='lat' dir='ltr'>ram</span> <span class='ocrx_word' id='word_1_120' title='bbox 229 2482 347 2544; x_wconf 85' lang='lat' dir='ltr'>regem</span> <span class='ocrx_word' id='word_1_121' title='bbox 370 2481 453 2525; x_wconf 89' lang='lat' dir='ltr'>casu</span> <span class='ocrx_word' id='word_1_122' title='bbox 476 2461 527 2524; x_wconf 86' lang='lat' dir='ltr'>ita</span> <span class='ocrx_word' id='word_1_123' title='bbox 544 2461 719 2538; x_wconf 87' lang='lat' dir='ltr'>contrivit,</span> <span class='ocrx_word' id='word_1_124' title='bbox 736 2469 776 2526; x_wconf 90' lang='lat' dir='ltr'>ut</span> <span class='ocrx_word' id='word_1_125' title='bbox 802 2465 978 2528; x_wconf 87' lang='lat' dir='ltr'>cerebrum</span> <span class='ocrx_word' id='word_1_126' title='bbox 997 2466 1072 2549; x_wconf 89' lang='lat' dir='ltr'>ejus</span> 
     </span>
     <span class='ocr_line' id='line_1_21' title="bbox 130 2564 1072 2644; baseline 0.005 -20"><span class='ocrx_word' id='word_1_127' title='bbox 130 2569 199 2624; x_wconf 87' lang='lat' dir='ltr'>tarn</span> <span class='ocrx_word' id='word_1_128' title='bbox 217 2582 280 2644; x_wconf 90' lang='lat' dir='ltr'>per</span> <span class='ocrx_word' id='word_1_129' title='bbox 302 2580 403 2625; x_wconf 88' lang='lat' dir='ltr'>aures</span> <span class='ocrx_word' id='word_1_130' title='bbox 429 2580 534 2643; x_wconf 92' lang='lat' dir='ltr'>quam</span> <span class='ocrx_word' id='word_1_131' title='bbox 557 2581 618 2642; x_wconf 87' lang='lat' dir='ltr'>per</span> <span class='ocrx_word' id='word_1_132' title='bbox 641 2580 742 2624; x_wconf 87' lang='lat' dir='ltr'>naras</span> <span class='ocrx_word' id='word_1_133' title='bbox 763 2564 963 2629; x_wconf 88' lang='lat' dir='ltr'>terribiliter</span> <span class='ocrx_word' id='word_1_134' title='bbox 979 2584 1072 2629; x_wconf 88' lang='lat' dir='ltr'>ema-</span> 
     </span>
     <span class='ocr_line' id='line_1_22' title="bbox 130 2660 1072 2746; baseline 0.005 -24"><span class='ocrx_word' id='word_1_135' title='bbox 130 2670 250 2739; x_wconf 82' lang='lat' dir='ltr'>naret3</span> <span class='ocrx_word' id='word_1_136' title='bbox 283 2661 434 2725; x_wconf 84' lang='lat' dir='ltr'>universi</span> <span class='ocrx_word' id='word_1_137' title='bbox 458 2667 574 2724; x_wconf 85' lang='lat' dir='ltr'>autem</span> <span class='ocrx_word' id='word_1_138' title='bbox 599 2661 659 2742; x_wconf 92' lang='lat' dir='ltr'>qui</span> <span class='ocrx_word' id='word_1_139' title='bbox 691 2660 837 2726; x_wconf 90' lang='lat' dir='ltr'>aderant</span> <span class='ocrx_word' id='word_1_140' title='bbox 859 2683 960 2746; x_wconf 92' lang='lat' dir='ltr'>opem</span> <span class='ocrx_word' id='word_1_141' title='bbox 982 2662 1072 2728; x_wconf 86' lang='lat' dir='ltr'>serre</span> 
     </span>
     <span class='ocr_line' id='line_1_23' title="bbox 128 2759 1073 2840; baseline 0.003 -17"><span class='ocrx_word' id='word_1_142' title='bbox 128 2760 284 2825; x_wconf 88' lang='lat' dir='ltr'>volentes</span> <span class='ocrx_word' id='word_1_143' title='bbox 301 2759 480 2836; x_wconf 91' lang='lat' dir='ltr'>accedunt,</span> <span class='ocrx_word' id='word_1_144' title='bbox 503 2759 562 2822; x_wconf 91' lang='lat' dir='ltr'>sed</span> <span class='ocrx_word' id='word_1_145' title='bbox 589 2778 704 2840; x_wconf 84' lang='lat' dir='ltr'>regem</span> <span class='ocrx_word' id='word_1_146' title='bbox 720 2761 913 2826; x_wconf 86' lang='lat' dir='ltr'>exanimem</span> <span class='ocrx_word' id='word_1_147' title='bbox 932 2765 1073 2826; x_wconf 92' lang='lat' dir='ltr'>invene-</span> 
     </span>
     <span class='ocr_line' id='line_1_24' title="bbox 130 2859 1152 2945; baseline 0.006 -24"><span class='ocrx_word' id='word_1_148' title='bbox 130 2867 219 2924; x_wconf 86' lang='lat' dir='ltr'>runt.</span> <span class='ocrx_word' id='word_1_149' title='bbox 261 2859 358 2923; x_wconf 92' lang='lat' dir='ltr'>Obiit</span> <span class='ocrx_word' id='word_1_150' title='bbox 367 2878 503 2941; x_wconf 90' lang='lat' dir='ltr'>quoque</span> <span class='ocrx_word' id='word_1_151' title='bbox 517 2859 631 2921; x_wconf 92' lang='lat' dir='ltr'>idibus</span> <span class='ocrx_word' id='word_1_152' title='bbox 648 2859 867 2938; x_wconf 89' lang='lat' dir='ltr'>Novembris,</span> <span class='ocrx_word' id='word_1_153' title='bbox 880 2870 1074 2945; x_wconf 87' lang='lat' dir='ltr'>corpusque</span> <span class='ocrx_word' id='word_1_154' title='bbox 1141 2922 1152 2935; x_wconf 85' lang='grc'>,,</span> 
     </span>
     <span class='ocr_line' id='line_1_25' title="bbox 129 2957 1074 3041; baseline 0.006 -21"><span class='ocrx_word' id='word_1_155' title='bbox 129 2959 201 3041; x_wconf 89' lang='lat' dir='ltr'>ejus</span> <span class='ocrx_word' id='word_1_156' title='bbox 225 2958 489 3040; x_wconf 92' lang='lat' dir='ltr'>Hierosolymas</span> <span class='ocrx_word' id='word_1_157' title='bbox 511 2957 664 3020; x_wconf 88' lang='lat' dir='ltr'>delatum</span> <span class='ocrx_word' id='word_1_158' title='bbox 686 2960 859 3040; x_wconf 87' lang='lat' dir='ltr'>sepultum</span> <span class='ocrx_word' id='word_1_159' title='bbox 880 2969 933 3025; x_wconf 90' lang='lat' dir='ltr'>est</span> <span class='ocrx_word' id='word_1_160' title='bbox 961 2961 998 3025; x_wconf 94' lang='lat' dir='ltr'>in</span> <span class='ocrx_word' id='word_1_161' title='bbox 1018 2982 1074 3026; x_wconf 88' lang='lat' dir='ltr'>ec-</span> 
     </span>
     <span class='ocr_line' id='line_1_26' title="bbox 129 3055 1073 3140; baseline 0.004 -20"><span class='ocrx_word' id='word_1_162' title='bbox 129 3059 233 3121; x_wconf 87' lang='lat' dir='ltr'>clesia</span> <span class='ocrx_word' id='word_1_163' title='bbox 249 3058 420 3121; x_wconf 90' lang='lat' dir='ltr'>Dominici</span> <span class='ocrx_word' id='word_1_164' title='bbox 437 3055 622 3138; x_wconf 89' lang='lat' dir='ltr'>sepulchri,</span> <span class='ocrx_word' id='word_1_165' title='bbox 634 3076 710 3120; x_wconf 86' lang='lat' dir='ltr'>curn</span> <span class='ocrx_word' id='word_1_166' title='bbox 727 3059 914 3140; x_wconf 88' lang='lat' dir='ltr'>lachrymis</span> <span class='ocrx_word' id='word_1_167' title='bbox 931 3061 1073 3124; x_wconf 89' lang='lat' dir='ltr'>adstan-</span> 
     </span>
     <span class='ocr_line' id='line_1_27' title="bbox 129 3156 1073 3239; baseline 0.005 -21"><span class='ocrx_word' id='word_1_168' title='bbox 129 3158 213 3219; x_wconf 90' lang='lat' dir='ltr'>tium</span> <span class='ocrx_word' id='word_1_169' title='bbox 227 3157 446 3239; x_wconf 91' lang='lat' dir='ltr'>populorum,</span> <span class='ocrx_word' id='word_1_170' title='bbox 457 3175 518 3237; x_wconf 89' lang='lat' dir='ltr'>per</span> <span class='ocrx_word' id='word_1_171' title='bbox 528 3156 754 3219; x_wconf 89' lang='lat' dir='ltr'>ministerium</span> <span class='ocrx_word' id='word_1_172' title='bbox 764 3158 971 3238; x_wconf 89' lang='lat' dir='ltr'>patriarchae</span> <span class='ocrx_word' id='word_1_173' title='bbox 983 3159 1073 3223; x_wconf 89' lang='lat' dir='ltr'>Wil-</span> 
     </span>
     <span class='ocr_line' id='line_1_28' title="bbox 128 3256 1075 3336; baseline 0.002 -17"><span class='ocrx_word' id='word_1_174' title='bbox 128 3257 231 3319; x_wconf 91' lang='lat' dir='ltr'>lelmi.</span> <span class='ocrx_word' id='word_1_175' title='bbox 278 3256 366 3319; x_wconf 88' lang='lat' dir='ltr'>Cum</span> <span class='ocrx_word' id='word_1_176' title='bbox 382 3261 499 3319; x_wconf 88' lang='lat' dir='ltr'>antem</span> <span class='ocrx_word' id='word_1_177' title='bbox 515 3256 607 3336; x_wconf 87' lang='lat' dir='ltr'>regis</span> <span class='ocrx_word' id='word_1_178' title='bbox 623 3257 737 3319; x_wconf 86' lang='lat' dir='ltr'>obitus</span> <span class='ocrx_word' id='word_1_179' title='bbox 760 3258 795 3319; x_wconf 92' lang='lat' dir='ltr'>in</span> <span class='ocrx_word' id='word_1_180' title='bbox 812 3257 936 3321; x_wconf 90' lang='lat' dir='ltr'>finibus</span> <span class='ocrx_word' id='word_1_181' title='bbox 953 3258 1075 3321; x_wconf 89' lang='lat' dir='ltr'>infide·</span> 
     </span>
     <span class='ocr_line' id='line_1_29' title="bbox 129 3348 1073 3436; baseline 0.004 -20"><span class='ocrx_word' id='word_1_182' title='bbox 129 3355 210 3421; x_wconf 91' lang='lat' dir='ltr'>lium</span> <span class='ocrx_word' id='word_1_183' title='bbox 238 3355 481 3419; x_wconf 86' lang='lat' dir='ltr'>disseminatus</span> <span class='ocrx_word' id='word_1_184' title='bbox 511 3355 644 3430; x_wconf 89' lang='lat' dir='ltr'>fuisset,</span> <span class='ocrx_word' id='word_1_185' title='bbox 666 3348 913 3436; x_wconf 84' lang='lat' dir='ltr'>³Sanguincus‚</span> <span class='ocrx_word' id='word_1_186' title='bbox 942 3357 1073 3421; x_wconf 87' lang='lat' dir='ltr'>Turco-</span> 
     </span>
     <span class='ocr_line' id='line_1_30' title="bbox 131 3454 1072 3536; baseline 0.001 -20"><span class='ocrx_word' id='word_1_187' title='bbox 131 3474 203 3517; x_wconf 92' lang='lat' dir='ltr'>rum</span> <span class='ocrx_word' id='word_1_188' title='bbox 219 3455 274 3519; x_wconf 89' lang='lat' dir='ltr'>vir</span> <span class='ocrx_word' id='word_1_189' title='bbox 290 3455 562 3536; x_wconf 71' lang='lat' dir='ltr'>potentissimus</span> <span class='ocrx_word' id='word_1_190' title='bbox 578 3473 656 3516; x_wconf 91' lang='lat' dir='ltr'>cnm</span> <span class='ocrx_word' id='word_1_191' title='bbox 669 3454 849 3519; x_wconf 87' lang='lat' dir='ltr'>innumera</span> <span class='ocrx_word' id='word_1_192' title='bbox 863 3463 1072 3519; x_wconf 90' lang='lat' dir='ltr'>armatorum</span> 
     </span>
     <span class='ocr_line' id='line_1_31' title="bbox 130 3553 1073 3635; baseline 0.003 -20"><span class='ocrx_word' id='word_1_193' title='bbox 130 3554 229 3635; x_wconf 88' lang='lat' dir='ltr'>copia</span> <span class='ocrx_word' id='word_1_194' title='bbox 252 3553 418 3617; x_wconf 84' lang='lat' dir='ltr'>Edessam</span> <span class='ocrx_word' id='word_1_195' title='bbox 434 3554 595 3617; x_wconf 92' lang='lat' dir='ltr'>obsidens</span> <span class='ocrx_word' id='word_1_196' title='bbox 611 3553 798 3631; x_wconf 91' lang='lat' dir='ltr'>civitatem,</span> <span class='ocrx_word' id='word_1_197' title='bbox 817 3554 979 3618; x_wconf 89' lang='lat' dir='ltr'>diuturno</span> <span class='ocrx_word' id='word_1_198' title='bbox 996 3574 1073 3618; x_wconf 89' lang='lat' dir='ltr'>eam</span> 
     </span>
    </p>
   </div>
   <div class='ocr_carea' id='block_1_5' title="bbox 129 3651 1074 3734">
    <p class='ocr_par' dir='ltr' id='par_1_5' title="bbox 129 3651 1074 3734">
     <span class='ocr_line' id='line_1_32' title="bbox 129 3651 1074 3734; baseline 0.003 -20"><span class='ocrx_word' id='word_1_199' title='bbox 129 3653 244 3716; x_wconf 91' lang='lat' dir='ltr'>labore</span> <span class='ocrx_word' id='word_1_200' title='bbox 270 3654 419 3734; x_wconf 81' lang='lat' dir='ltr'>subegit,</span> <span class='ocrx_word' id='word_1_201' title='bbox 448 3659 553 3734; x_wconf 90' lang='lat' dir='ltr'>atque</span> <span class='ocrx_word' id='word_1_202' title='bbox 580 3651 797 3716; x_wconf 88' lang='lat' dir='ltr'>Christianos</span> <span class='ocrx_word' id='word_1_203' title='bbox 827 3673 945 3717; x_wconf 90' lang='lat' dir='ltr'>omncs</span> <span class='ocrx_word' id='word_1_204' title='bbox 969 3655 1004 3716; x_wconf 91' lang='lat' dir='ltr'>in</span> <span class='ocrx_word' id='word_1_205' title='bbox 1032 3674 1074 3717; x_wconf 88' lang='lat' dir='ltr'>ea</span> 
     </span>
    </p>
   </div>
   <div class='ocr_carea' id='block_1_6' title="bbox 129 3841 1074 4255">
    <p class='ocr_par' dir='ltr' id='par_1_6' title="bbox 129 3841 1074 4255">
     <span class='ocr_line' id='line_1_33' title="bbox 163 3841 1074 3905; baseline -0.003 -12"><span class='ocrx_word' id='word_1_206' title='bbox 163 3841 171 3874; x_wconf 84' lang='lat'>¹</span> <span class='ocrx_word' id='word_1_207' title='bbox 188 3845 336 3893; x_wconf 78' lang='lat' dir='ltr'>Willelmam</span> <span class='ocrx_word' id='word_1_208' title='bbox 354 3844 384 3891; x_wconf 83' lang='lat' dir='ltr'>de</span> <span class='ocrx_word' id='word_1_209' title='bbox 402 3842 588 3905; x_wconf 68' lang='lat' dir='ltr'>Mammam]</span> <span class='ocrx_word' id='word_1_210' title='bbox 612 3857 703 3904; x_wconf 85' lang='lat' dir='ltr'>queen,</span> <span class='ocrx_word' id='word_1_211' title='bbox 726 3849 752 3890; x_wconf 85' lang='lat' dir='ltr'>at</span> <span class='ocrx_word' id='word_1_212' title='bbox 771 3843 816 3892; x_wconf 90' lang='lat' dir='ltr'>her</span> <span class='ocrx_word' id='word_1_213' title='bbox 837 3847 949 3904; x_wconf 86' lang='lat' dir='ltr'>request,</span> <span class='ocrx_word' id='word_1_214' title='bbox 968 3842 1074 3891; x_wconf 89' lang='lat' dir='ltr'>‘suble-</span> 
     </span>
     <span class='ocr_line' id='line_1_34' title="bbox 129 3908 1066 3974; baseline -0.001 -11"><span class='ocrx_word' id='word_1_215' title='bbox 129 3929 163 3963; x_wconf 83' lang='lat' dir='ltr'>sc.</span> <span class='ocrx_word' id='word_1_216' title='bbox 175 3911 337 3973; x_wconf 77' lang='lat' dir='ltr'>Galfridum3</span> <span class='ocrx_word' id='word_1_217' title='bbox 360 3913 480 3962; x_wconf 84' lang='lat' dir='ltr'>Malmsb.</span> <span class='ocrx_word' id='word_1_218' title='bbox 492 3927 518 3972; x_wconf 87' lang='lat' dir='ltr'>p.</span> <span class='ocrx_word' id='word_1_219' title='bbox 530 3916 588 3974; x_wconf 78' lang='lat'>⁷⁵2,</span> <span class='ocrx_word' id='word_1_220' title='bbox 613 3912 689 3960; x_wconf 85' lang='lat' dir='ltr'>randi</span> <span class='ocrx_word' id='word_1_221' title='bbox 701 3913 783 3972; x_wconf 85' lang='lat' dir='ltr'>gratia</span> <span class='ocrx_word' id='word_1_222' title='bbox 791 3908 914 3972; x_wconf 54' lang='lat' dir='ltr'>fastidiis</span> <span class='ocrx_word' id='word_1_223' title='bbox 926 3912 997 3960; x_wconf 90' lang='lat' dir='ltr'>Will.</span> <span class='ocrx_word' id='word_1_224' title='bbox 1005 3913 1066 3973; x_wconf 86' lang='lat' dir='ltr'>Tyr.</span> 
     </span>
     <span class='ocr_line' id='line_1_35' title="bbox 130 3981 1074 4043; baseline 0 -13"><span class='ocrx_word' id='word_1_225' title='bbox 130 3982 179 4031; x_wconf 83' lang='lat' dir='ltr'>and</span> <span class='ocrx_word' id='word_1_226' title='bbox 188 3982 281 4030; x_wconf 84' lang='lat' dir='ltr'>below.</span> <span class='ocrx_word' id='word_1_227' title='bbox 613 3985 708 4042; x_wconf 74' lang='lat' dir='ltr'>p.887‚</span> <span class='ocrx_word' id='word_1_228' title='bbox 728 3996 776 4043; x_wconf 81' lang='lat' dir='ltr'>seq.</span> <span class='ocrx_word' id='word_1_229' title='bbox 804 3981 912 4030; x_wconf 84' lang='lat' dir='ltr'>Hewas</span> <span class='ocrx_word' id='word_1_230' title='bbox 932 3981 1074 4031; x_wconf 82' lang='lat' dir='ltr'>succeedod</span> 
     </span>
     <span class='ocr_line' id='line_1_36' title="bbox 612 4049 841 4111; baseline -0.004 -12"><span class='ocrx_word' id='word_1_231' title='bbox 612 4052 647 4111; x_wconf 87' lang='lat' dir='ltr'>by</span> <span class='ocrx_word' id='word_1_232' title='bbox 659 4049 778 4098; x_wconf 90' lang='lat' dir='ltr'>Baldwin</span> <span class='ocrx_word' id='word_1_233' title='bbox 788 4051 841 4099; x_wconf 94' lang='lat' dir='ltr'>III.</span> 
     </span>
     <span class='ocr_line' id='line_1_37' title="bbox 164 4116 1073 4184; baseline -0.001 -14"><span class='ocrx_word' id='word_1_234' title='bbox 164 4119 289 4184; x_wconf 68' lang='lat' dir='ltr'>&#39;Compos&#39;</span> <span class='ocrx_word' id='word_1_235' title='bbox 298 4120 590 4184; x_wconf 73' lang='lat' dir='ltr'>pertransioudcconea·</span> <span class='ocrx_word' id='word_1_236' title='bbox 648 4117 856 4182; x_wconf 59' lang='lat' dir='ltr'>wangiam]</span> <span class='ocrx_word' id='word_1_237' title='bbox 875 4119 884 4147; x_wconf 83' lang='lat'>‘</span> <span class='ocrx_word' id='word_1_238' title='bbox 896 4119 1041 4183; x_wconf 81' lang='lat' dir='ltr'>Sanguinus</span> <span class='ocrx_word' id='word_1_239' title='bbox 1055 4116 1073 4182; x_wconf 89' lang='lat'>;’</span> 
     </span>
     <span class='ocr_line' id='line_1_38' title="bbox 129 4188 863 4255; baseline -0.004 -14"><span class='ocrx_word' id='word_1_240' title='bbox 129 4193 186 4255; x_wconf 74' lang='lat' dir='ltr'>aea]</span> <span class='ocrx_word' id='word_1_241' title='bbox 204 4191 247 4239; x_wconf 88' lang='lat' dir='ltr'>He</span> <span class='ocrx_word' id='word_1_242' title='bbox 258 4205 313 4239; x_wconf 86' lang='lat' dir='ltr'>was</span> <span class='ocrx_word' id='word_1_243' title='bbox 324 4190 408 4251; x_wconf 83' lang='lat' dir='ltr'>riding</span> <span class='ocrx_word' id='word_1_244' title='bbox 419 4194 463 4238; x_wconf 90' lang='lat' dir='ltr'>out</span> <span class='ocrx_word' id='word_1_245' title='bbox 474 4190 536 4237; x_wconf 85' lang='lat' dir='ltr'>with</span> <span class='ocrx_word' id='word_1_246' title='bbox 549 4190 588 4238; x_wconf 83' lang='lat' dir='ltr'>his</span> <span class='ocrx_word' id='word_1_247' title='bbox 613 4188 683 4238; x_wconf 89' lang='lat' dir='ltr'>Will.</span> <span class='ocrx_word' id='word_1_248' title='bbox 694 4190 754 4249; x_wconf 87' lang='lat' dir='ltr'>Tyr.</span> <span class='ocrx_word' id='word_1_249' title='bbox 766 4204 792 4250; x_wconf 92' lang='lat' dir='ltr'>p.</span> <span class='ocrx_word' id='word_1_250' title='bbox 806 4193 863 4238; x_wconf 87' lang='grc'><strong>891.</strong></span> 
     </span>
    </p>
   </div>
   <div class='ocr_carea' id='block_1_7' title="bbox 0 0 1420 4882">
    <p class='ocr_par' dir='ltr' id='par_1_7' title="bbox 0 0 1420 4882">
     <span class='ocr_line' id='line_1_39' title="bbox 0 0 1420 4882; baseline 0 0"><span class='ocrx_word' id='word_1_251' title='bbox 0 0 1420 4882; x_wconf 95' lang='lat' dir='ltr'> </span> 
     </span>
    </p>
   </div>
  </div>
 </body>
</html>
