2820 4882
394 414 533 463 nunnus
555 414 824 464 ursronrnnuu.
1041 397 1086 460 77

129 573 242 650 lenter
257 580 470 657 occupantes
495 581 530 638 ct
546 573 692 639 edificia
714 575 794 657 igne
814 573 1082 656 conflagrantes,
1095 583 1218 682 fimes·

129 674 286 756 praedam
299 676 502 740 immensam
517 682 553 739 et
567 675 683 759 opima
697 675 779 739 inde
801 676 915 758 spolia
928 673 1083 739 abstule—
1094 684 1245 724 theeman

131 782 228 840 runt.

292 933 342 996 De
351 932 603 1021 pooyrdcotc‘oce
619 932 738 998 comitis
757 930 929 1025 mount.

182 1055 369 1123 Subsecuti
403 1068 485 1124 sunt
513 1059 713 1143 peregrinos
750 1060 935 1142 praedictos
970 1077 1084 1123 comcs
1096 1083 1237 1132 semmam

130 1157 354 1223 Tholosanus
373 1153 607 1238 ¹Rmundus,
633 1168 669 1224 et
691 1161 875 1243 episcopus
901 1135 1208 1223 podiensem

133 1257 311 1338 Aimerus,
335 1259 372 1323 in
402 1261 578 1344 negotium
605 1260 774 1325 crucifixi.
826 1260 937 1324 Erant
968 1267 1084 1324 autem

131 1359 280 1423 cumeis
295 1359 450 1442 ingente
475 1381 540 1426 sua
554 1361 620 1426 viri
642 1361 778 1443 generis
803 1359 972 1443 praeclari,
996 1360 1085 1425 Wil-

129 1459 269 1537 lelmus,
294 1458 516 1526 Aurasiensis
548 1463 743 1544 episcopus,
773 1468 808 1525 et
838 1481 953 1527 comes
977 1461 1084 1524 Bain-

131 1558 271 1637 haldus,
288 1558 446 1625 Gaustus
470 1561 513 1626 de
529 1562 685 1639 Bediers,
704 1559 873 1626 Girardus
889 1562 932 1625 de
948 1560 1084 1625 Rossil-

131 1659 208 1737 lun,
224 1659 421 1725 Willelmus
444 1661 488 1726 de
514 1663 636 1727 Monte
662 1661 867 1738 Pessulano,
888 1661 1083 1726 Willelmus

131 1779 249 1824 comes
266 1761 440 1839 Forensis,
459 1761 676 1827 Reimundus
694 1761 809 1839 Peleu,
827 1761 1025 1828 Gantonius
1041 1761 1083 1826 de

133 1860 219 1938 Bar,
234 1859 433 1952 Willelmus
447 1860 631 1941 Amanen3
653 1862 717 1927 hos
742 1863 853 1927 secuti
877 1870 958 1926 sunt
975 1861 1084 1926 Gothi

132 1960 398 2040 etWascones,
423 1964 679 2046 etquicunque
709 1983 812 2027 cruce
839 1963 968 2044 signati
994 1963 1085 2026 inter

133 2060 344 2146 Pyrenaeum
373 2070 410 2127 et
433 2062 545 2146 Alpes
576 2063 824 2128 diffunduntur.
883 2063 934 2127 Hi
965 2081 1085 2126 omnes

131 2161 299 2244 praefatos
322 2164 571 2247 subsequentes
597 2184 699 2229 cruce
725 2164 895 2247 signatos,
922 2182 984 2246 per
1011 2160 1085 2225 Ita-

132 2262 217 2326 liam
229 2268 266 2327 et
280 2261 538 2342 lumbardiam,
553 2273 589 2329 et
603 2284 666 2347 per
679 2263 852 2347 regionem
864 2283 942 2347 quac
955 2262 1084 2326 Forum

132 2362 223 2426 Julii
249 2362 386 2441 dicitur,
408 2365 444 2428 in
468 2364 652 2443 Histriam,
672 2373 708 2429 et
724 2365 862 2429 mndem
884 2364 919 2428 in
939 2363 1083 2427 Dalma-

132 2464 219 2528 tiam
236 2463 496 2530 desccnderunt.
543 2463 699 2548 Cumque
713 2485 775 2548 per
790 2465 864 2529 dies
880 2465 979 2548 quasi
996 2482 1082 2546 qua·

134 2564 300 2646 draginta
312 2584 448 2629 omnem
462 2565 674 2629 Dalmatiam
691 2566 801 2630 multo
814 2565 1084 2648 pertransissent

134 2664 302 2747 periculo,
319 2665 456 2729 demum
481 2665 713 2748 Dyrrachium
740 2675 992 2748 pervenerunt3
1024 2665 1082 2729 ubi

133 2772 170 2829 et
185 2784 300 2829 comes
316 2765 426 2829 literis
442 2766 661 2848 imperatoris
678 2765 891 2830 exhilaratus
916 2767 981 2830 iter
998 2765 1085 2829 arri·

132 2865 223 2946 puit,
238 2866 513 2950 transcursisque
529 2867 703 2931 montibus
718 2873 753 2930 et
766 2865 864 2930 silvis
873 2875 909 2930 et
921 2867 1084 2929 universa

134 2965 358 3048 Epirotarum
374 2966 527 3047 regione,
543 2967 679 3031 demum
695 2967 730 3029 in
748 2985 889 3048 pagum,
905 2967 961 3030 cui
978 2965 1082 3030 Pela-

133 3061 250 3148 gonia
264 3085 387 3129 nomen
411 3073 476 3143 est,
504 3068 612 3150 copiis
636 3066 795 3131 omnibus
823 3067 1083 3143 redundantem,

133 3165 288 3230 tentoria
327 3172 554 3247 statuerunt3
591 3167 650 3230 ubi
687 3185 765 3230 cum
796 3165 845 3230 ibi
876 3166 1084 3230 venerahilis

133 3264 317 3330 Podiensis
350 3265 532 3350 episcopus
558 3266 695 3348 longius
727 3286 749 3330 a
782 3267 906 3330 castris
934 3265 1084 3329 tentoria

133 3366 225 3443 fixit,
241 3365 441 3448 hospitandi
461 3367 704 3431 commoditate
726 3366 862 3443 ductus,
881 3386 903 3429 a
918 3365 1081 3448 Bulgaris

132 3467 345 3531 irruentibus
361 3474 485 3549 captus
502 3472 566 3531 est.
608 3466 675 3532 Sed
689 3467 770 3530 dum
785 3485 876 3529 unus
887 3487 931 3530 ex
949 3467 1083 3549 praedo·

132 3568 237 3631 nibus
259 3586 381 3637 aurum
406 3569 450 3632 ab
472 3587 514 3632 eo
538 3574 720 3651 quareret,
737 3566 849 3648 ipsum
872 3574 994 3631 contra
1016 3587 1084 3631 cae·

130 3675 227 3731 teros
251 3668 438 3746 tuebatur3
466 3669 557 3733 inter
584 3687 672 3750 quos
703 3668 818 3731 excito
848 3666 1012 3744 tumultu,
1039 3667 1083 3731 ad

131 3787 238 3832 voces
255 3766 505 3831 decertantium
531 3769 706 3833 exercitus
728 3775 921 3831 commotus
938 3776 991 3831 est
1008 3769 1087 3831 uni·

165 3945 355 4010 Quarundam]
379 3945 461 3995 ‘Itis
483 3946 597 4008 singular
621 3948 736 4010 writings
759 3946 789 3994 of
811 3947 854 3995 the
877 3947 978 3997 Greeks
999 3945 1087 4012 (Anna

129 4018 234 4080 enough
242 4017 298 4066 that
306 4015 437 4078 Raymond
445 4016 505 4067 olS.
514 4016 598 4080 Gilcs,
622 4018 744 4068 Oomnen.
756 4017 876 4068 Alexiad.
889 4033 915 4067 x.
925 4015 973 4083 xi.)
984 4019 1034 4068 and
1045 4020 1086 4070 the

130 4104 147 4138 a
157 4087 254 4139 second
265 4085 478 4137 characterinthe
489 4089 598 4149 genuine
623 4088 749 4136 Arabiane
756 4087 963 4153 (Lonqueruana‚
974 4089 1088 4155 p.129).'

130 4159 228 4222 history
244 4157 275 4207 of
290 4157 333 4207 the
351 4156 490 4218 Orusades,
507 4158 599 4208 should
623 4159 734 4219 Gibbon,
745 4158 781 4208 xi.
793 4173 819 4219 p.
832 4162 946 4220 timete.

131 4230 203 4280 shine
214 4244 245 4280 as
256 4228 300 4278 the
311 4228 366 4276 first
375 4225 405 4276 οἰ
420 4227 508 4278 heroes
519 4229 545 4277 in
556 4229 599 4278 the
