2820 4882
305 380 370 444 232
556 397 690 445 aueum
715 398 760 444 nu
784 397 992 445 wnunovnn

144 571 267 659 piphpao·
308 554 559 635 imperatricem
578 573 653 616 esse
668 551 759 634 apud
775 551 948 615 Oxouiam
966 550 1000 613 in
1016 549 1160 632 castello
1178 569 1256 620 cum

145 681 230 718 escures
242 671 296 709 from
309 672 418 735 parvo
435 653 614 729 comitatu,
629 653 770 734 collegit
796 651 987 714 exercitum
1008 649 1197 732 copiosum,
1221 658 1256 714 et

147 720 228 810 3¹:35?
310 759 390 835 post
405 752 530 815 festum
548 753 660 815 sancti
684 750 866 814 Michaelis
882 750 966 813 illuc
988 749 1163 831 profectus
1184 749 1256 813 dic·

310 859 381 916 tam
393 851 642 932 imperatricem
652 870 760 932 usque
772 850 816 913 ad
827 850 1012 913 adventum
1024 848 1166 928 Domini
1178 868 1257 912 con-

310 951 409 1014 tinua
420 950 596 1013 obsidione
608 951 762 1013 vallavit.
795 942 856 1012 ¹In
870 947 1259 1012 tautoautemtermino

310 1069 387 1113 cum
398 1049 542 1112 vidisset
551 1050 754 1131 imperatrix
768 1049 813 1111 ab
822 1047 942 1111 amicis
956 1067 994 1110 se
1004 1047 1110 1110 fuisse
1122 1047 1259 1127 neglec-

311 1157 383 1211 tam
400 1155 436 1212 et
451 1148 543 1213 omni
559 1168 724 1212 succursu
739 1146 899 1222 alienam,
914 1147 1153 1229 exploratores
1165 1148 1258 1228 regis

311 1255 462 1311 castrum
488 1247 684 1310 obsidentes
707 1253 782 1310 arte
804 1246 953 1310 feminea
976 1244 1154 1322 deludens,
1175 1265 1257 1308 noc-

311 1354 346 1408 te
374 1366 436 1428 per
460 1345 690 1409 Thamensem
715 1345 871 1423 fluvium,
895 1345 1006 1426 glacie
1031 1345 1256 1408 constrictum

311 1463 352 1507 ac
380 1444 458 1514 nive
480 1445 690 1522 dealbatum,
712 1446 800 1508 albis
827 1445 1083 1509 circumamicta
1102 1445 1258 1508 vestibus

311 1562 389 1605 cum
411 1544 614 1625 quibusdam
637 1543 812 1607 sodalibus
836 1544 879 1608 de
901 1542 1044 1607 castello
1062 1542 1187 1619 exivit,
1204 1550 1258 1607 at·

310 1661 378 1722 que
394 1642 668 1706 reverberatione
684 1643 815 1706 nivium
827 1650 863 1707 et
873 1641 1097 1706 similitudine
1106 1642 1257 1706 vestium

311 1741 429 1804 oculos
444 1761 482 1804 se
493 1741 698 1805 intuentium
715 1741 856 1820 sesellit3
880 1742 965 1805 abiit
979 1761 1062 1822 ergo
1078 1747 1180 1804 nocte
1195 1741 1258 1804 illa
1327 1780 1335 1793 ·

311 1838 354 1901 ad
371 1840 551 1922 castellum
567 1840 610 1903 de
626 1840 880 1921 Wallingeford
904 1839 947 1903 ad
966 1840 1131 1903 Brienum
1148 1838 1257 1903 filium

310 1939 457 2014 comitis
473 1946 513 2002 ut
528 1959 565 2003 se
588 1940 740 2002 salvaret
762 1941 806 2003 ab
831 1940 1001 2015 hostibuS,
1016 1947 1052 2003 et
1068 1940 1118 2002 sic
1132 1941 1259 2002 castel-

310 2037 380 2099 lum
399 2038 600 2101 Oxoniense
615 2039 688 2120 regi
704 2039 872 2102 redditum
890 2045 954 2102 est.

420 2211 469 2274 De
486 2211 612 2275 coucilia
627 2212 794 2276 accessorio
808 2211 978 2276 Londouiis
990 2210 1145 2275 celebrato.

149 2356 272 2396 anna
364 2333 468 2397 Anno
500 2337 640 2399 Domini
663 2353 804 2399 Mcxnu.
833 2330 1059 2411 ²Willelmus,
1080 2334 1257 2398 Wintoui-

148 2407 268 2496 illill.⁰'
313 2433 404 2496 ensis
435 2434 617 2516 episcopus
640 2444 675 2499 et
701 2436 792 2499 sedis
818 2435 1018 2518 apostolicae
1048 2434 1198 2514 legatus
1220 2434 1257 2496 in

313 2531 424 2594 media
440 2531 715 2614 Quadragesima
730 2536 822 2617 apud
841 2534 1039 2598 Londonias
1062 2533 1257 2608 concilium,

312 2649 393 2710 rege
420 2639 591 2712 praeseute
621 2641 656 2697 et
682 2635 865 2717 episcopis,
892 2632 1105 2709 celebravit3
1141 2632 1256 2695 nullus

313 2728 401 2790 enim
419 2729 529 2793 honor
546 2732 600 2795 vel
617 2734 810 2796 reverentia
825 2733 1000 2796 serebatur
1019 2731 1084 2793 Dei
1102 2729 1256 2795 ecclesiae

313 2827 368 2889 vel
393 2829 468 2910 eJus
494 2831 661 2894 ordinatis
686 2850 707 2894 a
733 2831 953 2913 praedonibus
981 2830 1170 2906 sceleratis,
1195 2831 1255 2894 sed

304 2945 412 3008 ‘aeque
434 2927 548 2992 clerici
570 2936 605 2992 et
629 2930 709 2993 laici
731 2932 967 3012 capiebantur,
989 2928 1256 3006 redimebantur,

312 3027 347 3088 et
362 3025 398 3087 in
413 3027 558 3089 vinculis
575 3031 792 3093 tenebantur.
845 3029 1023 3093 Sancitum
1041 3035 1094 3091 est
1109 3047 1194 3109 ergo
1208 3030 1256 3092 ibi

231 3154 232 3158 =
312 3131 347 3186 et
364 3126 572 3206 generaliter
593 3129 834 3206 constitutum,
853 3149 896 3191 ne
916 3128 1054 3211 aliquis,
1071 3128 1130 3209 qui
1145 3128 1255 3192 eccle-

312 3223 398 3285 siam
422 3228 725 3308 coemeteriumque
748 3228 942 3306 violaverit,
960 3227 1016 3290 vel
1038 3228 1074 3289 in
1092 3226 1255 3290 clericum

312 3330 373 3385 aut
393 3323 504 3386 virum
531 3325 730 3406 religiosum
752 3345 876 3390 manus
898 3327 1054 3410 injecerit
1072 3325 1256 3404 violentas,

311 3421 354 3482 ab
378 3420 447 3483 alio
474 3442 577 3502 quam
600 3426 676 3506 ipso
699 3445 791 3507 papa
819 3427 930 3508 possit
952 3425 1108 3502 absolvi;
1142 3431 1256 3488 statu-

313 3527 385 3580 tum
411 3527 463 3583 est
487 3522 604 3599 etiam,
630 3531 669 3586 ut
695 3532 813 3587 aratra
837 3526 873 3588 in
901 3524 1044 3606 campis,
1069 3543 1147 3587 cum
1170 3524 1256 3606 ipsis

312 3619 487 3698 agricoliS,
507 3621 609 3683 talem
634 3642 752 3704 pacem
775 3623 926 3687 babeant
942 3625 978 3686 in
996 3623 1101 3704 agris,
1119 3624 1257 3705 qualem

310 3715 477 3779 baberent
492 3719 522 3780 si
539 3719 574 3781 in
589 3724 786 3785 coemeterio
798 3724 1016 3786 exstitissent
1029 3743 1037 3800 ;
1056 3741 1256 3786 excommu-

345 3952 396 4004 ¹la
414 3953 515 4025 touta]
540 3960 664 4023 Compare
684 3963 768 4011 Hunt·
793 3964 856 4011 from
872 3965 1260 4027 atowerbyropemndsoes·

308 4025 378 4086 lugd.
390 4042 416 4086 p.
430 4031 487 4086 39³,
497 4029 559 4076 with
570 4030 650 4080 Gesta
661 4032 767 4093 Stepha·
793 4033 883 4094 caped.

308 4094 447 4154 ni,p.959.
475 4097 528 4146 The
538 4098 621 4148 Saron
634 4101 767 4150 Cbmnicle
827 4100 1023 4171 ²Willelmus,]
1049 4119 1085 4153 so.
1109 4104 1258 4170 Henricus3

308 4167 385 4211 states
408 4165 462 4212 that
486 4167 530 4214 she
553 4184 607 4217 was
635 4171 670 4218 let
692 4171 765 4219 down
792 4187 835 4220 see
844 4174 932 4234 above,
943 4189 970 4234 p.
982 4179 1040 4238 230,
1051 4170 1131 4223 ποίει.
