2820 4882
341 371 407 438 368
599 386 732 434 nonum
757 386 803 432 nn
826 384 1035 433 wuunovna

181 531 305 605 annm.
344 542 477 608 dinales
501 562 523 606 a
539 562 632 625 papa
649 544 787 620 missos
804 541 986 606 Albertum
1007 546 1042 604 et
1062 538 1294 617 Theodinum,

180 615 284 714 itii„
344 644 524 720 accedens
554 651 635 726 post
662 643 787 724 longos
820 647 1005 718 tractatus,
1038 639 1075 704 in
1109 640 1298 723 praesentia

181 714 546 808 itllltitlneorundem
578 741 773 824 legatorum
803 740 950 825 juravit,
982 747 1127 804 mortem
1150 738 1297 804 Thomae

181 814 298 854 ‘'mm‘'
343 842 506 925 martyris
528 839 671 923 gloriosi
696 860 760 904 nec
785 839 967 904 voluntate
993 857 1058 903 sua
1083 839 1137 903 vel
1162 838 1296 903 consci-

345 942 439 1006 entia
466 947 701 1024 perpetratam
725 939 844 1016 luisse,
869 958 933 1002 nec
956 957 1019 1002 suo
1043 938 1191 1002 artificio
1218 957 1299 1021 per-

344 1041 528 1126 quisitam;
562 1039 622 1103 sed
650 1040 815 1122 quoniam
838 1037 1078 1102 malefactores
1104 1057 1150 1102 ex
1169 1038 1298 1127 verbis,

344 1160 423 1225 quae
440 1160 502 1204 rex
521 1139 709 1202 iracundiae
725 1139 841 1201 calore
862 1156 1050 1201 succensus
1065 1137 1178 1201 minus
1195 1144 1297 1201 caute

344 1240 549 1323 protulerat,
572 1238 665 1323 quod
688 1237 849 1301 videlicet
878 1237 1106 1319 nequissimos
1130 1237 1299 1300 commili-

345 1347 445 1404 tones
471 1338 681 1403 educaverat
703 1337 913 1414 molientes,
933 1337 993 1420 qui
1017 1336 1136 1418 ipsum.
1151 1337 1187 1400 in
1214 1355 1297 1419 pro·

344 1439 490 1503 ditorem
524 1457 625 1502 suum
652 1436 948 1519 archiepiscopum
973 1437 1157 1499 noluerunt
1180 1431 1297 1501 ¹vindi-

345 1556 436 1615 care,
468 1537 683 1602 occasionem
715 1536 827 1601 virum
857 1535 924 1600 Dei
954 1542 1175 1618 sumpserant
1206 1534 1299 1618 peri·

345 1636 472 1714 mendi,
495 1656 557 1700 rex
581 1645 659 1700 curn
675 1654 811 1699 summa
832 1635 1027 1699 humilitate
1044 1635 1298 1699 absolutionem

345 1736 526 1820 postulans
559 1736 770 1818 impetravit.
822 1733 988 1799 Promisit
1022 1734 1129 1816 igitur
1155 1754 1219 1799 rex
1251 1735 1295 1798 ad
1330 1771 1332 1773 >

346 1837 546 1900 mandatum
561 1837 768 1918 legatorum,
785 1834 878 1918 quod
895 1841 1031 1898 tantum
1051 1834 1150 1899 daret
1172 1835 1216 1898 de
1239 1855 1297 1916 pe·

345 1937 448 2000 cunia
468 1955 544 2012 sua,
570 1935 662 1998 unde
683 1935 823 1999 ducenti
845 1934 971 1998 milites
994 1933 1038 1997 ad
1060 1934 1295 1998 defensionem

346 2043 447 2100 terrae
478 2042 608 2099 sanctae
640 2041 784 2118 possent
825 2033 1014 2098 sustentari
1049 2053 1111 2115 per
1144 2053 1297 2114 annum3

346 2133 505 2218 promisit
532 2135 685 2216 insuper,
705 2134 798 2217 quod
818 2134 1032 2217 permitteret
1055 2133 1217 2216 deinceps
1230 2152 1317 2216 ap·-

346 2234 553 2318 pellationes
576 2234 683 2298 libere
711 2233 796 2311 fieri,
827 2241 863 2297 et
892 2232 985 2318 quod
1017 2233 1298 2310 consuetudines,

348 2354 427 2418 quae
460 2333 532 2398 suis
565 2342 665 2398 erant
695 2333 903 2397 introductae
933 2333 1143 2415 temporibus
1176 2339 1300 2397 contra

348 2434 526 2499 libertates
545 2433 713 2511 ecclesiae,
736 2432 773 2496 in
795 2433 930 2497 irritum
947 2439 1136 2510 revocaret,
1154 2439 1190 2496 et
1203 2432 1298 2515 quod
1340 2419 1342 2423 ὗ

349 2535 585 2616 possessiones
617 2532 879 2597 Cantuariensis
911 2531 1079 2610 ecclesiae,
1109 2550 1188 2616 quae
1218 2538 1301 2615 post

350 2652 522 2697 recessum
550 2633 800 2716 archiepiscopi
825 2631 950 2696 ablatae
974 2631 1124 2710 fuerant,
1152 2632 1317 2712 integrae>

348 2732 593 2812 redderentur3
625 2732 786 2815 promisit
807 2739 986 2814 praeterea,
1006 2731 1098 2815 quod
1115 2730 1250 2795 clericis
1264 2739 1301 2794 et

349 2832 448 2895 laicis
463 2830 643 2915 utriusque
658 2850 776 2909 sexus,
792 2831 852 2912 qui
873 2851 938 2915 pro
959 2832 1062 2895 beato
1084 2838 1236 2913 martyre
1255 2831 1300 2894 de

350 2931 458 3014 regno
489 2932 660 3008 exierant,
690 2951 768 2995 curn
800 2949 888 3014 pace
921 2944 986 2995 sua'
1018 2931 1171 3013 recipere
1206 2931 1302 2994 bona

349 3033 479 3096 omnia·
498 3040 533 3096 et
566 3032 672 3096 libere
703 3030 814 3093 redire
831 3030 984 3110 'licebit3
1019 3037 1054 3094 et
1085 3030 1150 3094 hoc
1185 3036 1300 3094 totum

349 3132 549 3214 promittere
572 3138 607 3195 et
624 3132 744 3215 jurare
767 3150 809 3194 ac
831 3130 944 3194 facere
970 3149 1014 3194 ex
1046 3137 1144 3212 parte
1169 3129 1302 3192 domini

350 3251 450 3313 papae
466 3231 541 3312 regi
559 3231 751 3316 injunctum
767 3236 820 3293 est
838 3229 874 3292 in
892 3230 1128 3294 remissionem
1146 3229 1300 3292 omnium

349 3338 582 3414 peccatorum.
633 3324 733 3394 ²ch
758 3348 842 3394 vero
864 3328 1018 3413 juvenis,
1043 3328 1206 3413 quicquid
1235 3329 1302 3393 rex

350 3438 449 3513 pater
457 3430 639 3514 juraverat
655 3436 691 3494 et
707 3429 923 3513 promiserat,
937 3429 1012 3513 ipse
1021 3429 1155 3513 juravit
1169 3434 1205 3492 et
1220 3448 1303 3511 pro-

351 3528 467 3609 misit3
497 3537 544 3607 et,
558 3530 613 3596 his
633 3531 684 3594 ita
703 3530 824 3611 gestis,
841 3549 904 3592 rex
919 3529 1060 3613 juvenis
1076 3548 1154 3593 cum
1171 3546 1303 3610 sponsa

351 3648 416 3692 sua
431 3629 634 3711 Margareta
648 3640 767 3694 mense
780 3627 933 3711 Augusti
956 3629 992 3691 in
1007 3627 1173 3711 Angliam
1187 3634 1301 3692 trans-

385 3821 538 3872 ¹Ecrandem
556 3822 728 3885 legatorum]
759 3823 814 3872 The
839 3823 868 3872 of
877 3821 1305 3884 Becket,hestretchedhishands

350 3895 459 3956 meeting
483 3907 539 3942 was
564 3892 623 3943 held
648 3898 676 3942 at
696 3893 813 3955 Abrenc3
839 3894 950 3942 towards
976 3892 1083 3954 heaven,
1108 3892 1159 3942 and
1187 3891 1304 3941 thanlred

349 3978 467 4025 compare
478 3963 630 4025 Quadrilog.
641 3977 668 4023 p.
680 3967 737 4013 147.
839 3962 898 4013 God
906 3963 961 4012 that
971 3962 1013 4012 the
1022 3962 1087 4011 dead
1098 3962 1150 4012 lrad
1160 3963 1225 4012 been
1236 3961 1304 4012 done

384 4030 459 4082 ²Rex
487 4048 542 4082 vero
568 4032 676 4094 juvenis.
697 4026 711 4099 ]
747 4033 813 4080 Fitz·
838 4033 947 4082 without
957 4033 998 4081 his
1009 4032 1171 4095 knowledge,
1187 4030 1240 4080 and
1256 4047 1306 4080 un-

349 4102 459 4163 Stephen
472 4103 530 4152 tells
543 4117 584 4164 us,
599 4103 662 4165 that,
677 4102 751 4150 when
769 4103 812 4151 the
837 4103 915 4152 aided
933 4104 968 4165 by
987 4117 1037 4164 any
1055 4102 1084 4152 ol
1100 4103 1140 4153 his
1157 4102 1304 4166 followers3

348 4186 433 4233 young
450 4172 512 4234 king
527 4173 606 4222 heard
616 4172 645 4221 ol
658 4173 700 4223 the
710 4173 813 4222 murder
837 4188 863 4234 p.
876 4177 917 4224 89.
1145 4201 1146 4204 =
