2820 4882
416 410 556 458 secans
579 412 847 461 ursromusuu.
1041 399 1105 465 341

158 569 214 632 vel
242 588 355 652 pauca
384 569 511 633 referre
538 570 634 645 libet,
667 570 829 652 quoniam
853 572 1015 656 injuriam
1040 572 1105 637 hoc
1117 589 1173 678 iun
1183 589 1240 677 21⁷⁰-

157 676 249 732 esset
282 668 393 732 facere
426 677 562 746 sancto,
591 670 666 755 ejus
697 690 804 753 opera
834 679 906 735 tam
936 649 1229 753 praeclaras-ibic.

156 769 220 831 sub
237 768 374 832 silentio
391 769 579 850 praeterire.
631 768 776 834 Amicus
794 772 862 834 Dei
877 771 1050 836 Godricus
1068 774 1104 836 in

155 887 247 949 pago
264 866 541 947 Northfolkensi,
561 876 660 951 patre
676 868 866 947 Ailwardo,
884 879 994 935 matre
1012 873 1105 936 End·

154 986 289 1044 wenna,
312 977 510 1050 generatus,
529 970 625 1047 villa,
647 989 726 1052 quae
742 971 906 1052 Walepol
926 991 1104 1054 nuncupa-

155 1075 224 1144 tur,
233 1087 255 1130 a
271 1068 446 1149 praedictis
460 1071 661 1151 parentibus
676 1069 843 1133 educatus
857 1079 911 1135 est
928 1079 963 1134 et
978 1071 1104 1135 ibidem

154 1186 234 1230 cum
256 1167 306 1231 eis
325 1169 538 1251 aliquamdiu
555 1176 803 1249 conversatus3
830 1170 901 1246 ubi,
920 1170 1105 1251 puerilibus

155 1267 257 1331 annis
270 1268 472 1333 innocenter
486 1270 685 1345 transactis,
699 1276 871 1333 mercator
885 1267 1042 1347 efficitur,
1057 1278 1104 1348 ot,

155 1368 268 1448 primo
297 1369 441 1433 minoris
464 1369 565 1450 pretii
597 1387 727 1438 meroes
756 1389 935 1446 exercens,
965 1370 1104 1434 tandem

155 1487 234 1530 oum
250 1469 353 1532 sociis
369 1468 616 1532 mercatoribus
634 1468 805 1532 nundinas
827 1470 935 1552 coepit
949 1470 1105 1550 publicas

156 1587 329 1633 exercere.
383 1567 453 1633 Hic
470 1567 526 1632 die
547 1567 709 1650 quodam,
734 1588 813 1632 cum
834 1569 871 1632 in
895 1571 1010 1633 arenis
1030 1557 1105 1634 ma·

155 1667 281 1731 ritimis
304 1667 400 1732 solus
420 1669 625 1746 ambularet,
651 1676 722 1732 tres
748 1669 785 1732 in
810 1669 902 1733 sicco
927 1669 1104 1751 delphines

154 1768 301 1844 invenit,
318 1787 464 1851 quorum
480 1768 614 1832 duobus
629 1767 741 1831 adbuc
756 1769 1019 1851 palpitantibus,
1037 1778 1104 1833 ter-

155 1869 225 1932 tius
248 1876 405 1934 mortuus
425 1869 628 1950 apparebat.
680 1866 746 1931 Ille
766 1878 881 1932 motus
904 1869 1034 1950 pietate
1052 1871 1103 1933 vi·

157 1976 279 2031 ventes
310 1967 449 2050 reliquit
475 1969 638 2045 intactos,
668 1975 704 2032 ot
733 1967 776 2030 de
803 1975 939 2032 mortuo
970 1975 1103 2049 partem

156 2087 297 2131 sumens
319 2075 465 2132 onustus
488 2068 630 2132 recessit
644 2088 652 2147 ;
677 2066 750 2143 sed,
767 2067 929 2130 fiuctibus
942 2068 1047 2130 maris
1061 2069 1104 2132 de

157 2186 252 2232 more
282 2168 546 2245 revertentibus,
577 2169 689 2249 primo
726 2167 831 2249 pedes
862 2174 897 2230 et
930 2167 1033 2230 tibias
1069 2176 1105 2232 et

155 2268 291 2331 demum
315 2269 462 2352 abyssus
485 2275 592 2350 caput
621 2267 696 2350 ejus
723 2267 880 2330 vallavit.
932 2265 1105 2330 Godrious

156 2375 274 2432 autem
296 2367 397 2432 fortis
422 2368 459 2432 in
485 2367 555 2434 fide,
579 2374 615 2431 et
637 2368 701 2430 sub
726 2367 826 2448 aquis
854 2366 983 2429 diutius
1008 2367 1101 2430 ince-

157 2467 254 2544 dens,
277 2468 429 2532 Domino
457 2468 616 2544 ducente,
644 2467 688 2530 ad
710 2468 837 2530 siccum
864 2466 1032 2548 pervenit,
1055 2475 1103 2543 et,

156 2569 360 2652 parentibus
384 2569 478 2650 pisce
503 2567 598 2644 dato,
624 2573 751 2634 cuncta
776 2586 855 2648 quae
882 2567 947 2629 sibi
970 2567 1103 2633 accide-

157 2675 236 2732 rant
263 2669 450 2732 enarravit.
502 2667 643 2732 Solebat
669 2673 783 2730 autem
808 2666 980 2733 interdum
1010 2667 1104 2738 solus

157 2786 266 2847 agens
304 2768 348 2832 de
392 2767 587 2831 caelestibus
629 2766 788 2830 meditari
834 2774 869 2830 et
914 2768 1104 2834 orationem

158 2867 377 2934 Dominicam
398 2886 476 2930 cum
498 2867 655 2950 symbolo
677 2865 889 2947 frequentius
917 2867 1103 2934 ruminare.

157 2967 323 3031 Sanctum
340 2965 516 3032 Andream
531 2968 566 3030 iu
581 2966 698 3031 Scotia
721 2967 888 3029 orationis
909 2966 1024 3045 gratia
1044 2966 1103 3030 dc-

156 3074 260 3131 votus
282 3067 418 3150 petivit,
441 3087 503 3131 nec
521 3065 645 3129 minori
669 3065 854 3129 devotione
878 3064 1005 3131 ductus
1032 3063 1104 3131 Ro·

157 3186 249 3230 mam
268 3166 441 3250 perrexit3
465 3167 544 3230 inde
560 3166 696 3230 demum
720 3182 878 3227 reversus
898 3162 1104 3244 quibusdam

157 3267 432 3349 negotiatoribus
454 3266 639 3350 adjunctus
662 3272 715 3328 est
738 3271 772 3328 et
796 3282 875 3326 oum
897 3264 947 3326 eis
965 3263 1104 3344 navigio

157 3385 344 3449 aggressus
362 3374 416 3430 est
431 3373 673 3441 mercaturam,
694 3370 729 3427 et
750 3362 890 3427 divitias
915 3376 1105 3444 congerens

156 3469 260 3531 unius
276 3466 377 3531 navis
394 3465 572 3529 dimidium
589 3471 624 3527 et
637 3464 779 3528 alterius
793 3471 954 3544 quartam
972 3469 1105 3544 partem

155 3567 315 3631 habebat.
368 3567 454 3629 Erat
471 3572 587 3629 autem
602 3582 744 3644 corpore
760 3563 922 3626 robustus
941 3569 976 3624 et
991 3562 1106 3624 animo

157 3676 332 3743 strenuuS,
356 3666 446 3729 unde
470 3683 531 3747 per
554 3664 711 3744 regiones
732 3663 886 3727 diversas
908 3660 1105 3742 navigando

156 3767 235 3831 loca
256 3773 453 3830 sanctorum
477 3764 587 3827 multa
601 3764 766 3828 visitabat
788 3770 823 3826 et
845 3781 963 3825 eorum
985 3778 1023 3823 se
1046 3779 1107 3843 pa-

157 3866 304 3932 trocinio
320 3864 593 3930 commendabat.
