2820 4882
396 397 536 447 rnonns
559 397 829 447 ursronrlnuu.
1029 379 1096 445 375

143 556 206 620 filii
227 558 283 622 sui
307 557 467 622 militiam
489 557 582 639 apud
606 555 795 621 Dolensem
821 556 941 620 urbem
968 575 990 620 a
1009 556 1094 634 suis,
1106 570 1227 612 alatus

144 675 167 720 a
200 658 399 731 Brebantiis
432 663 468 720 et
501 657 666 738 ruptariis
703 656 992 735 circumclusam
1034 658 1094 739 qui

143 756 308 822 continuo
341 776 450 839 equos
489 756 679 820 ascendens
710 756 870 838 sequenti
908 775 1009 820 mane
1048 758 1093 821 ad

142 857 263 920 urbem
290 856 449 941 pervenit
473 855 665 939 praefatam,
692 863 729 920 et
761 855 918 919 militiam
949 855 1011 919 filii
1038 856 1093 920 sui

142 957 210 1020 sibi
226 964 476 1040 repugnantem
498 975 562 1039 por
581 955 655 1021 dies
674 955 809 1039 aliquot
822 954 1092 1037 comprehendit,

143 1056 218 1133 sed,
239 1057 442 1139 priusquam
463 1055 610 1132 veniret,
635 1054 786 1119 bostium
810 1073 951 1117 suorum
979 1055 1091 1118 maxi·

142 1174 201 1218 ma
221 1155 408 1219 multitudo
423 1173 446 1218 a
464 1155 537 1218 suis
559 1155 722 1236 ruptariis
741 1154 855 1219 fuerat
874 1153 1092 1237 interempta.

145 1252 278 1338 Captus
305 1262 360 1319 cst
380 1253 506 1318 ibidem
529 1273 643 1318 comes
659 1253 852 1318 Cestrensis
871 1253 1092 1335 Ranulphus,

142 1353 204 1437 qui
222 1373 332 1436 nuper
352 1353 583 1435 transfugium
598 1352 680 1417 iecit
701 1353 744 1416 ad
764 1353 873 1416 filium
890 1371 1004 1430 suum,
1020 1353 1093 1417 Ra·

143 1453 294 1535 dulphus
317 1455 360 1519 de
385 1452 570 1535 Fulgeriis,
588 1451 785 1518 Willelmus
805 1450 992 1529 Patricius,
1017 1452 1091 1516 Ra·

142 1552 294 1635 dulpbus
309 1554 352 1617 do
367 1554 404 1618 la
421 1552 527 1629 Haie,
542 1551 769 1634 Hasculpbus
788 1550 830 1614 do
850 1559 971 1615 sancto
989 1550 1092 1615 Hila-

143 1654 209 1730 rio,
231 1660 266 1718 et
288 1673 366 1717 cum
388 1653 465 1718 istis
487 1653 613 1717 milites
635 1659 759 1736 quater
773 1651 910 1733 viginti.
962 1650 1093 1715 Eodem

142 1760 298 1836 tempore
317 1760 498 1834 magnates
517 1751 655 1834 Angliae
669 1771 746 1815 cum
764 1744 938 1816 ¹exercitu
956 1750 1092 1814 infinito

142 1854 187 1918 ad
207 1853 370 1934 Hugonis
390 1853 503 1934 Bigod
521 1852 716 1934 superbiam
738 1850 989 1933 reprimendam
1010 1869 1091 1932 pro·

144 1953 238 2031 fecti,
253 1972 331 2017 cum
346 1952 389 2016 de
403 1951 497 2015 facili
512 1958 629 2033 posset
643 1949 850 2032 expugnari,
870 1949 960 2012 sicut
982 1949 1092 2012 omni·

144 2055 210 2117 bus
230 2052 424 2129 videbatur,
448 2051 647 2115 interventu
668 2050 837 2133 pecunias,
859 2047 951 2112 datis
973 2055 1009 2111 et
1034 2066 1092 2112 ac·

144 2153 254 2236 ceptis
275 2151 422 2216 induciis
446 2169 555 2232 usque
583 2150 627 2213 ad
655 2148 900 2226 Pentecosten,
927 2155 1093 2231 quatuor-

143 2252 253 2316 decim
282 2252 392 2315 millia
418 2249 682 2314 Flandreusium
708 2256 919 2314 armatorum
941 2265 1003 2328 per
1028 2246 1093 2310 Es-

144 2353 277 2416 sexiam
295 2357 331 2414 et
346 2349 508 2415 (lantiam
529 2368 688 2413 securum
703 2351 926 2432 praebuerunt
945 2345 1094 2409 conduc·

144 2459 219 2515 tum
236 2457 272 2515 et
287 2449 380 2532 apud
397 2450 573 2514 Doveram
592 2468 699 2515 naves
720 2449 764 2512 ad
786 2445 1092 2511 transfretandum.

145 2549 277 2615 Eodem
300 2568 392 2613 anno
414 2548 545 2613 electus
562 2547 823 2612 Cantuariensis
844 2546 993 2611 Romam
1014 2565 1093 2627 pro·

145 2650 301 2715 ficiscens
323 2648 446 2713 habuit
467 2649 503 2712 in
525 2649 693 2713 comitatu
711 2647 982 2712 Bathonieusem
1004 2645 1093 2711 elec·

145 2756 230 2815 tum.

144 2926 195 2992 De
210 2923 399 2990 subvertimus
413 2921 509 2988 castri
520 2919 667 2986 Aciloba
680 2927 709 2983 st
722 2938 837 3004 mopso
853 2915 974 2981 mititte
990 2923 1094 3001 copto.

196 3049 299 3114 Anno
318 3046 461 3112 Domini
475 3061 654 3109 ucnxxlv.
670 3037 1230 3147 ²R0gerusdeM01uraiofflp.

147 3170 169 3214 a
185 3149 353 3213 fidelitate
369 3145 461 3228 regis
477 3144 624 3210 senioris
640 3142 804 3207 recedens
826 3140 862 3203 iu
880 3138 996 3202 insula
1008 3136 1095 3201 Axi·
1107 3150 1218 3240 pffir

147 3250 240 3313 holm
253 3247 433 3312 castellum
448 3247 493 3309 ab
508 3244 653 3327 antiquo
669 3242 821 3305 dirutum
835 3237 1032 3321 reparavit3
1051 3237 1095 3300 ad

146 3367 247 3432 quem
278 3345 465 3410 multitudo
491 3340 782 3407 Lincolniensium
812 3337 953 3418 navigio
981 3344 1097 3400 trans·

146 3455 248 3513 vecta
269 3444 449 3510 castellum
471 3442 618 3518 obsedit,
635 3437 929 3504 constabularium
953 3442 989 3500 et
1006 3435 1096 3498 mili·

146 3556 199 3613 tes
215 3565 334 3610 omnes
347 3544 392 3608 ad
407 3543 615 3608 deditionem
630 3536 756 3619 coegit,
769 3544 806 3601 et
820 3535 1001 3599 castollum
1016 3535 1098 3598 sub·

146 3647 260 3712 vertit.
313 3644 444 3708 Eodem
472 3649 639 3724 tempore,
667 3636 779 3721 pridie
803 3634 972 3699 kalendas
996 3631 1097 3710 Maii,

181 3869 321 3920 ¹Esercito
338 3869 459 3935 infinita]
480 3868 552 3930 Tbey
568 3882 611 3917 as-
638 3866 686 3915 col.
711 3867 777 3925 5⁷43
804 3861 939 3923 Horeden,
961 3863 1019 3922 5³⁷,
1039 3858 1099 3908 wbo

145 3940 258 3992 sembled
277 3949 304 3989 st
321 3939 477 4000 Colchester,
494 3939 566 3998 Bury
584 3937 612 3986 S.
638 3935 701 3984 calls
711 3934 754 3983 tbe
765 3934 843 3983 csstle
855 3928 1099 3989 Kinsrdeferie,snd

147 4008 498 4073 Edmund’s,snd1pswich;
510 4008 612 4071 Diceto,
639 4005 713 4066 adds,
731 4003 787 4053 that
807 4004 828 4051 it
852 4015 907 4050 was
934 3998 1043 4049 stormed
1065 3999 1099 4060 by

147 4081 268 4132 echols.
617 4075 767 4136 -Geoffrey,
789 4071 879 4134 bishop
902 4071 968 4119 elect
989 4068 1018 4118 ot
1038 4068 1099 4116 Lin-

182 4141 613 4216 'ngerssdsMolbruio.]Diceto,
639 4145 704 4194 coln.
