2820 4882
442 411 581 461 nuonns
604 414 875 464 nrsronmnuu.
1068 397 1135 469 421-

179 568 344 646 distabat,
371 569 463 633 unde
493 571 626 652 regina,
656 572 857 636 convocatis
892 573 1004 637 edicto
1034 575 1130 656 regio
1143 607 1265 647 anun.

179 669 264 732 viris
292 669 536 734 ecclesiasticis
567 678 603 734 et
633 672 858 750 secularibuS,
889 673 932 736 de
959 693 1040 754 rege
1067 674 1130 738 ba·

179 769 254 831 buit
287 768 448 851 eligendo
475 776 685 850 tractatnm3
728 781 763 836 et
793 773 956 854 qnoniam
990 773 1025 836 id
1062 773 1129 838 sibi

178 869 274 951 prius
307 870 351 932 ab
379 871 537 934 omnibus
566 890 768 934 concessum
799 872 925 949 fuerat,
957 881 996 936 ut
1027 893 1130 955 quem

179 968 285 1033 vellet
308 969 471 1033 maritum
489 969 644 1051 eligeret,
671 973 955 1053 exspectantibus
981 973 1030 1036 rei
1053 975 1128 1036 exi-

181 1076 253 1130 tum
281 1068 464 1146 universis,
496 1071 617 1152 regina
646 1070 810 1148 Gnidoni,
834 1073 894 1153 qui
924 1073 1015 1135 inter
1041 1072 1128 1136 alios

180 1168 353 1247 adstabat,
377 1189 462 1233 voce
482 1170 576 1234 clara
599 1170 702 1248 dixit,
725 1171 898 1235 ‘Domine
926 1171 973 1234 mi
999 1170 1129 1249 Guido,

179 1287 245 1349 ego
261 1276 295 1332 te
315 1269 352 1332 in
373 1270 537 1333 maritum
559 1271 663 1350 eligo,
685 1278 720 1334 et
736 1290 790 1334 me
810 1271 912 1333 simul
927 1291 1003 1334 cum
1020 1290 1129 1352 regno

182 1368 244 1430 tibi
266 1368 407 1432 tradens
424 1375 459 1432 te
473 1388 589 1451 regem
606 1369 760 1433 suturum
778 1371 914 1452 publice
930 1373 1128 1453 protestor.¹

182 1464 238 1530 Ad
259 1467 349 1532 banc
369 1487 489 1533 vocem
512 1488 632 1533 omnes
658 1470 845 1552 stupefacti
867 1471 1128 1535 admirabantur

179 1567 292 1645 valde,
312 1568 405 1650 qnod
430 1576 484 1633 tot
503 1569 596 1634 viros
620 1569 807 1651 prudentes
832 1589 903 1634 una
929 1571 1051 1634 mulier
1076 1571 1127 1636 ita

180 1667 328 1750 simplex
353 1668 490 1733 delusit.
551 1668 753 1733 Laudabilis
783 1670 885 1753 plane
919 1671 1062 1735 foemina
1090 1678 1126 1735 et

181 1775 251 1830 tam
276 1768 451 1851 pudicitiae
472 1788 576 1851 quam
597 1769 790 1852 prudentiae
812 1771 994 1853 praeconiis
1014 1770 1127 1835 extol-

178 1868 302 1949 lenda3
330 1869 380 1932 sic
393 1870 485 1932 euim
501 1871 677 1951 negotium
693 1871 911 1952 temperavit,
926 1876 966 1934 ut
980 1889 1126 1952 regnum

180 1968 254 2032 viro
284 1978 319 2032 et
349 1968 416 2032 sibi
444 1970 556 2033 virum
585 1970 767 2033 obtineret.
833 1971 963 2033 Factus
991 1977 1045 2033 est
1071 1969 1125 2033 bis
1138 1995 1281 2044 nuthque.

179 2067 298 2132 diebus
325 2089 387 2151 per
415 2070 529 2132 orbem
557 2070 755 2133 universum
784 2075 1000 2133 terraemotus
1026 2088 1124 2151 mag-

179 2186 245 2231 nus
259 2175 294 2232 et
310 2167 495 2246 horribilis,
510 2168 562 2232 ita
575 2176 615 2232 ut
629 2169 733 2232 etiam
752 2162 804 2233 ¹in
815 2167 956 2250 Anglia,
970 2168 1030 2232 ubi
1045 2188 1127 2234 raro

180 2269 338 2350 contigit,
354 2268 464 2333 multa
479 2268 624 2333 aedilicia
639 2270 932 2335 subverterentur.
967 2268 1125 2350 Contigit

179 2375 295 2432 autem
327 2368 526 2432 hisdiebus
554 2376 698 2432 matrem
721 2368 897 2432 Salaadiui
922 2370 965 2432 ab
991 2365 1128 2451 AEgyp-

181 2473 217 2531 to
247 2469 283 2531 in
313 2475 431 2551 partes
457 2469 603 2532 transire
630 2469 867 2533 Damascenas
892 2469 929 2531 in
954 2476 1126 2550 apparatu

180 2582 307 2650 magno
338 2576 373 2632 et
393 2569 530 2632 divitiis
564 2569 726 2650 copiosis,
761 2589 839 2653 quae
871 2568 914 2631 de
938 2568 1005 2632 fide
1033 2579 1127 2632 treu-

181 2687 302 2749 garum
322 2688 535 2751 praesumens
553 2689 616 2750 per
634 2669 719 2732 fines
741 2669 903 2752 regionis,
933 2689 1012 2751 quae
1029 2678 1128 2732 trans

180 2767 203 2831 J
207 2768 370 2832 ordauem
387 2774 480 2845 sunt,
505 2788 625 2832 secure
645 2770 822 2852 perrexit3
850 2770 886 2832 in
906 2769 1005 2852 cujus
1023 2769 1130 2832 comi·

182 2875 291 2932 tatum
315 2868 532 2950 Reginaldus
552 2868 595 2931 de
619 2868 830 2933 Castellione
849 2876 976 2932 temere
1005 2870 1130 2932 irrum-

181 2988 267 3049 pens
310 2969 450 3032 divitias
486 2968 629 3050 diripuit
671 2968 864 3043 universas,
900 2975 1127 3031 veruntamen

180 3075 291 3132 mater
306 3067 582 3150 Salaadini'tb'ga
594 3067 783 3150 periculum
798 3066 996 3130 declinavit.
1024 3067 1129 3130 Com-

182 3174 296 3232 motus
322 3168 401 3232 inde
428 3168 634 3231 Salaadinus
657 3167 910 3232 restitutionem
933 3166 1127 3230 ablatorum

182 3275 217 3332 et
254 3288 358 3351 super
388 3268 525 3352 injuriis
560 3269 832 3332 satisfactionem
868 3267 933 3330 sub
967 3267 1132 3348 pactione

182 3368 320 3432 foederis
342 3367 546 3451 postulavit,
576 3374 768 3433 conventus
791 3373 907 3430 autem
935 3365 1130 3449 superbiis

182 3468 398 3550 Reginaldus
410 3469 452 3532 de
464 3467 675 3534 Castellione
691 3488 712 3531 a
726 3466 912 3532 Salaadino
928 3465 1013 3530 dure
1028 3465 1131 3528 nimis

182 3575 217 3632 et
228 3569 474 3632 contumeliose
490 3568 684 3650 respondit3
702 3567 910 3632 Salaadinus
922 3586 1014 3641 vero,
1027 3565 1131 3629 laetus

182 3674 288 3750 ‘supra
309 3668 464 3744 modum,
485 3668 579 3751 quod
601 3669 638 3732 in
659 3675 759 3751 parte
782 3666 1059 3731 Christianorum
1080 3665 1139 3728 ‹ii-¹

180 3775 293 3850 ruptae
326 3775 426 3832 erant
455 3775 599 3850 treugae,
628 3768 672 3832 ad
700 3767 889 3833 vindictam
921 3772 1131 3848 provocatus

183 3869 375 3950 accingitur
393 3867 435 3933 ad
453 3875 639 3932 certamen.

243 4091 249 4120 ¹
260 4094 289 4144 ln
300 4089 419 4163 Aegida]
437 4095 531 4146 ‘circa
542 4100 628 4158 partes
638 4097 799 4158 aquilonares
806 4091 822 4158 ς’
839 4095 941 4157 Diceto,
951 4093 1001 4146 col.
1012 4098 1071 4146 628.
