2820 4882
340 405 479 454 rnoans
503 405 771 456 ursronmauu.
966 391 1031 455 109

83 569 268 646 admirans,
293 575 330 632 et
354 586 513 632 reversus
535 568 579 632 ad
606 567 736 633 scalam
764 566 923 631 hortatur
946 585 1029 630 suos
1042 583 1164 622 aanor

83 678 115 735 ut
146 668 364 747 ascendant3
393 668 453 732 sed
478 668 595 732 nullus
623 665 808 733 ascendere
835 685 941 730 ausus
964 634 1189 744 est,i¹d⁸.c1‘⁰i’na·.

82 770 188 834 donee
205 769 432 834 Boamundus
447 788 510 851 per
523 768 653 832 scalam
668 769 711 832 ad
729 786 812 832 suos
826 768 960 832 rediens
975 768 1029 830 in·

83 870 294 935 columitatis
317 868 410 932 dedit
432 868 574 932 evidens
590 876 843 950 argumentum.
896 867 1031 933 Deinde

83 971 241 1035 certatim
267 969 492 1034 ascendentes
514 969 550 1032 iu
577 977 750 1033 momento
774 968 896 1031 turrim
920 967 1030 1050 reple-

83 1077 219 1148 verunt,
238 1077 273 1134 et
290 1089 358 1133 non
375 1068 486 1132 solum
505 1069 627 1132 turrim
649 1068 757 1144 illam,
772 1067 833 1131 sed
848 1073 883 1130 et
899 1066 942 1131 de
959 1068 1030 1131 col-

82 1169 285 1234 lateralibus
317 1168 503 1233 nonnullas
534 1170 865 1250 occuparunt,'quae
892 1166 1031 1231 luerunt

82 1290 225 1334 numero
252 1269 383 1346 decem,
410 1287 529 1333 earum
557 1268 760 1333 custodibus
785 1286 864 1330 cum
892 1267 1029 1331 silentio

82 1369 294 1448 interfectis3
318 1376 353 1433 et
370 1369 531 1451 deinceps
548 1375 685 1451 portam
700 1387 818 1443 unam,
835 1386 912 1450 quae
931 1367 1030 1430 adul·

82 1471 193 1534 terina
216 1475 304 1546 erat,
331 1469 538 1552 aperientes
570 1467 754 1552 principes,
780 1468 840 1550 qui
865 1476 965 1531 erant
988 1467 1031 1531 de

82 1569 224 1647 lorihuS,
234 1568 469 1633 introducunt.
484 1620 486 1626 .
523 1566 642 1632 Crevit
655 1588 773 1633 eorum
788 1587 952 1632 numerus
969 1568 1030 1643 ita,

82 1671 137 1753 qui
161 1670 261 1734 intus
285 1671 396 1745 erant,
424 1675 464 1732 ut
489 1666 533 1730 ad
562 1675 698 1751 portam
726 1687 804 1750 quae
828 1667 951 1732 Pontis
980 1668 1032 1731 di·

82 1771 170 1834 citur
200 1775 457 1846 concurrentes
482 1767 582 1832 caesis
606 1767 682 1852 ejus
712 1768 926 1845 custodibuS,
954 1788 1030 1832 eam

83 1870 245 1954 aperiunt
262 1868 450 1948 violenter;
478 1872 741 1948 cognoscentes,
767 1868 850 1951 quia
871 1887 1031 1932 auroram

82 1970 261 2054 perspicue
283 1968 454 2045 rutilaret,
478 1968 639 2031 cornibus
670 1975 705 2032 et
730 1968 826 2032 lituis
852 1976 1033 2051 coeperunt

83 2076 312 2152 perstrepere,
329 2065 373 2131 ad
391 2067 484 2132 urbis
501 2066 697 2149 ingressum
716 2066 795 2131 illos
812 2067 872 2150 qui
895 2068 931 2131 in
955 2087 1031 2131 cas-

83 2171 145 2233 tris
169 2175 271 2232 erant
294 2168 515 2247 animantes3
547 2166 713 2232 vexillum
739 2185 877 2250 quoquc
903 2166 1032 2231 domini

83 2267 280 2334 Boamundi
303 2267 340 2331 in
363 2287 433 2331 una
451 2267 538 2331 turri
559 2267 783 2331 eminentiore
798 2266 950 2350 ejusdem
969 2268 1033 2330 mi-

83 2369 186 2434 nistri
201 2367 424 2445 collocantes,
441 2374 581 2450 captam
596 2385 672 2431 esse
687 2366 894 2431 denuntiant
910 2367 1033 2431 civita·

82 2476 165 2534 tem.
219 2467 322 2533 Cives
350 2475 466 2531 autem
493 2486 538 2531 ex
566 2473 665 2531 tanto
689 2466 841 2531 tumultu
866 2487 1034 2550 experge-

83 2569 169 2634 facti
192 2568 366 2644 dubitant,
390 2565 472 2650 quid
501 2566 566 2630 sibi
591 2565 676 2631 velit
700 2567 831 2631 clamor
858 2567 917 2631 ille
942 2567 1035 2631 inso-

82 2669 188 2749 litus3
212 2668 272 2751 qui
293 2667 433 2732 tandem
450 2665 609 2731 videntes
632 2675 843 2731 armatorum
859 2667 1034 2731 discursus

83 2776 120 2833 et
142 2768 279 2851 plateas
301 2767 493 2832 occisorum
515 2774 648 2831 scatere
667 2766 856 2843 funeribus
877 2767 1035 2832 domibus

83 2868 228 2947 relictis,
249 2887 328 2931 cum
351 2866 519 2931 uxoribus
541 2873 577 2930 et
602 2866 719 2930 liberis
746 2866 896 2949 effugere
922 2875 1034 2932 tenta-

83 2970 185 3046 bant,
209 2967 270 3032 sed
296 2966 469 3050 fugientes
495 2966 731 3050 imprudenter
756 2974 908 3049 stragem
934 2968 1035 3031 undi-

85 3088 154 3153 que
175 3068 397 3133 invenerunt.
449 3065 521 3145 Qui
540 3073 658 3130 autem
677 3067 713 3130 in
730 3068 814 3132 urbe
833 3067 1036 3132 habitabant

85 3167 279 3234 Christiani
301 3167 515 3231 diversarum
537 3167 730 3249 regionum,
750 3167 896 3249 arreptis
918 3167 1035 3244 armis,

85 3275 283 3334 nostrorum
301 3268 451 3333 coetibus
474 3286 511 3331 se
533 3263 741 3351 adjungunt,
757 3274 793 3332 et
813 3275 966 3349 stragem
988 3268 1037 3331 ci·

86 3369 190 3433 vibus
215 3386 284 3432 non
310 3365 486 3431 minimam
508 3365 720 3447 intulerunt3
753 3365 906 3431 aedificiis
931 3366 1039 3450 igitur

87 3469 249 3533 omnibus
281 3486 360 3532 cum
383 3465 616 3550 penetralibus
642 3474 678 3531 et
705 3467 884 3550 apothecis
911 3468 1038 3551 ubique

87 3566 288 3646 confractis,
319 3586 452 3645 aurum,
489 3574 685 3648 argentum,
714 3574 829 3631 vestes
866 3567 1037 3650 pretiosas

87 3675 124 3733 et
146 3684 302 3750 gemmas
317 3674 353 3731 et
370 3686 455 3731 vasa
476 3666 732 3748 impretiabilia,
750 3686 827 3731 cum
850 3668 977 3751 tapetis
1002 3676 1038 3732 et

87 3767 290 3833 holosericis
305 3766 398 3831 inter
411 3786 450 3832 se
470 3785 571 3849 aequa
590 3774 686 3831 sorte
705 3766 963 3844 distribuentes,
978 3767 1037 3849 qui

86 3868 185 3952 prius
214 3867 406 3931 esurientes
434 3867 471 3931 in
499 3867 655 3931 exercitu
679 3865 922 3932 mendicabant
954 3874 1037 3932 tunc

89 3969 190 4034 bonis
202 3968 362 4032 omnibus
375 3966 611 4032 abundabant.
635 3965 727 4031 Caesi
739 3966 933 4032 reseruntur
945 3968 980 4031 in
992 3968 1039 4032 ci·

88 4069 198 4134 vitate
213 4068 398 4151 plusquam
417 4067 534 4132 decem
549 4067 658 4131 millia
671 4067 876 4145 Turcorum,
894 4089 1039 4151 quorum

89 4188 237 4253 corpora
259 4187 322 4250 per
346 4169 480 4251 plateas
506 4167 659 4232 civitatis
686 4167 926 4235 miserabiliter
950 4169 1041 4234 inse·
