2820 4882
349 393 487 442 anonas
512 393 780 444 ursroarnnum.
983 381 1047 445 189

96 553 244 617 caelestis
273 557 390 616 amore
415 571 588 634 'sponsum
619 554 827 635 contempsit
849 561 1022 618 terrenum
1036 576 1044 635 ;
1059 576 1179 619 annun

98 657 177 716 nam
203 672 281 715 cum
304 653 397 734 regis
413 652 594 736 cujusdam
612 652 703 715 tilius
726 654 769 716 ad
792 655 937 734 virginis
957 676 1045 738 nup-

98 752 164 815 tias
197 753 348 815 animum
381 750 617 834 applicuisset,
646 753 805 833 precibus
842 755 980 818 tandem
1011 762 1047 819 et

94 851 274 915 'blanditiis
297 852 447 914 inaniter
467 852 693 932 consumptis,
716 852 886 916 violenter
904 862 1045 919 conten-

99 950 149 1013 dit
170 970 243 1015 rem
272 970 376 1032 agere
398 970 476 1013 cum
499 950 627 1032 puella,
654 970 723 1032 quo
746 962 933 1034 comperto,
962 954 1045 1018 Fre·

100 1049 284 1114 theswitha
306 1051 342 1113 in
364 1050 487 1113 silvam
504 1049 679 1131 quandam
699 1050 849 1115 latenter
870 1053 1045 1134 confugit3

100 1169 161 1214 nec
190 1137 312 1214 'tamen
346 1149 529 1213 latibulum
559 1149 667 1212 latere
700 1151 815 1232 potuit
843 1159 1045 1228 amatorem,

101 1251 181 1331 quia
215 1249 349 1313 desidia
374 1269 444 1312 non
469 1248 577 1313 defirit
605 1249 688 1330 quin
714 1259 885 1331 quaereret
911 1251 1046 1334 fugien-

101 1352 180 1413 te'm.
233 1349 346 1430 Virgo
368 1347 487 1430 igitur,
506 1349 632 1412 iterato
651 1349 791 1433 juvenis
813 1351 929 1415 furore
953 1371 1045 1416 com·

101 1457 211 1531 perte,
247 1469 309 1532 per
346 1449 500 1512 occultos
539 1449 707 1525 tramites,
739 1450 815 1514 Deo
847 1452 1046 1531 comitante,

103 1547 275 1613 Oxoniam
306 1548 349 1612 de
381 1555 481 1612 nocte
512 1548 648 1629 fugiens
679 1550 856 1630 pervenit;
900 1572 1046 1634 cumque

100 1668 199 1712 mane
214 1649 298 1712 illuc
312 1648 468 1712 curiosus
483 1655 618 1711 amator
639 1647 849 1727 advolasset,
871 1651 985 1732 puella
1004 1653 1046 1716 de

101 1747 182 1831 fuga
192 1748 268 1832 jam
285 1749 484 1830 desperans,
498 1748 668 1830 simulque
684 1749 726 1811 de
741 1749 947 1815 lassitudine
963 1772 1046 1816 nus·

103 1867 204 1930 quarn
227 1848 389 1930 progredi
405 1848 537 1926 valenS,
554 1848 620 1911 Dei
636 1848 781 1913 tutelam
797 1850 862 1912 sibi
878 1858 913 1915 et
928 1872 1045 1933 perse-

102 1949 210 2012 cutori
227 1968 366 2030 poenam
381 1948 489 2013 anxia
500 1948 729 2029 imprecatur;
748 1949 892 2032 jamque
906 1950 1045 2032 juvenis

101 2047 154 2112 ille
183 2052 262 2111 'cum
294 2049 476 2112 comitibus
507 2055 626 2129 portas
657 2049 751 2111 urbis
781 2050 932 2126 subibat,
955 2070 1045 2128 cum,

102 2148 229 2211 caelesti
244 2147 351 2230 plaga
372 2149 536 2224 irruente,
559 2148 754 2213 coecitatem
777 2148 932 2213 incurrit.
985 2149 1046 2213 In·

103 2247 240 2311 tellec'to
273 2248 380 2330 igitur
408 2248 607 2330 pertinaciae
638 2267 710 2310 suae
741 2248 879 2325 delicto,
904 2248 1046 2332 juvenis

101 2346 175 2410 luce
192 2350 361 2430 privatus,
377 2355 411 2410 et
430 2347 683 2411 Frctheswitha
698 2355 737 2410 ut
752 2349 971 2413 misereretur
984 2371 1047 2432 per

102 2448 240 2511 nuntios
255 2447 451 2524 exhortata,
461 2447 579 2510 eadem
595 2446 762 2512 facilitate
774 2448 890 2511 lumen
904 2451 1045 2532 recepit,

102 2566 181 2628 qua,
215 2547 426 2629 imprecante
457 2546 585 2629 puella,
618 2545 809 2611 incurrerat
838 2549 1044 2614 coecitatem.

102 2645 196 2710 Hinc
217 2647 356 2728 regibus
380 2647 517 2728 Angliae
543 2645 647 2710 timor
672 2646 815 2710 inolevit
832 2648 925 2711 illius
951 2651 1046 2714 urbis

100 2745 293 2828 ingressum
327 2755 363 2811 et
403 2746 590 2828 hospitium
621 2764 756 2824 cavere,
790 2748 881 2829 quod
916 2747 1047 2814 feratur

102 2845 264 2926 pestifera
280 2865 356 2911 esse
377 2846 458 2923 illis,
481 2866 558 2910 cum
579 2865 648 2910 non
664 2846 773 2910 velint
794 2848 844 2911 rei
866 2848 1045 2913 veritatem

102 2951 163 3010 suo
187 2946 330 3009 'damno
365 2946 555 3028 periculum
590 2946 751 3028 experiri.
819 2947 919 3011 Tunc
946 2946 1046 3031 virgo

101 3045 214 3122 beata,
238 3053 437 3110 constructo
458 3046 584 3110 ibidem
610 3047 830 3124 monasterio,
855 3047 1046 3128 virginibus

102 3146 333 3228 congregatis,
356 3148 473 3227 -usque
505 3146 548 3210 ad
582 3147 714 3209 exitum
747 3147 828 3210 vitae
863 3164 936 3210 suae
968 3147 1045 3212 Deo

101 3245 241 3326 placens
272 3246 341 3310 illis
374 3245 514 3329 praefuit
542 3247 679 3310 nomine
706 3246 903 3310 abbatissae.
965 3246 1045 3312 Hoc

102 3351 216 3408 autem
249 3347 497 3409 monasterium
542 3354 694 3428 tempore
725 3346 921 3427 Anglorum
954 3346 1045 3429 regis

103 3441 420 3522 Ethelredi,1)an'is
443 3447 519 3510 neci
539 3446 747 3530 adjudicatis
769 3453 932 3509 etcausa
954 3447 1048 3510 salu-

103 3545 144 3607 tis
170 3545 207 3607 in
232 3545 320 3609 illud
343 3544 634 3627 confugientibus,
657 3546 926 3610 discurrentibus
951 3545 1047 3609 flam-

102 3644 178 3722 mis,
203 3664 282 3708 cum
313 3646 363 3709 eis
391 3653 634 3728 consumptum
665 3652 730 3722 est,
758 3645 819 3709 sed
845 3666 914 3709 non
936 3646 1047 3711 multo

102 3752 180 3824 post
196 3745 241 3807 ab
260 3744 380 3809 eodem
403 3765 485 3827 rege
507 3753 742 3810 constructum
765 3753 800 3808 et
822 3747 1047 3828 competenti·

102 3844 163 3906 bus
180 3851 235 3908 est
251 3846 391 3927 praediis
406 3845 620 3928 ampliatum.
674 3845 770 3909 Obiit
784 3845 850 3908 hoc
864 3865 955 3908 anno
973 3845 1047 3909 Ro·

102 3943 229 4018 bertuS,
250 3964 366 4009 comes
384 3945 619 4024 FlandrensiS,
637 3947 696 4027 qui
712 3945 827 4009 itineri
845 3944 1049 4029 Hierosoly·

102 4044 230 4107 mitano
260 4045 525 4127 praeclarissimo
557 4045 726 4122 interfuit,
759 4046 848 4108 unde
884 4047 1050 4109 memoria

103 4144 175 4227 ejus
196 4165 266 4209 non
284 4144 433 4209 transiet
448 4146 484 4208 in
502 4152 667 4209 aeternum
684 4166 692 4223 3
720 4145 833 4209 factus
858 4153 911 4209 est
933 4153 1049 4210 autem
