2820 4882
336 373 403 442 tao
593 392 728 440 uocum
754 391 800 437 nn
825 390 1031 440 wuunovnn

174 569 229 610 Ao·
241 570 298 610 1¹⁸⁸·
336 553 417 618 liter
431 551 585 635 gladium
600 551 738 615 vibrare
758 549 962 627 dedisceret,
977 549 1055 614 dies
1076 549 1138 614 illa
1157 549 1291 614 laetitiae

337 654 440 738 plena
456 660 493 717 et
506 650 725 736 jocunditate
749 650 924 733 triumpho
941 649 1072 715 Christi
1092 649 1240 733 praefixa
1256 657 1291 713 te

336 752 497 819 docebit.'

357 925 555 1012 Rescriptum
572 925 745 990 suetum·
760 924 807 990 od
819 925 1026 990 Prodericom
1041 926 1269 1010 imperatorem.

173 1064 295 1105 numeror
335 1098 338 1103 .
386 1044 486 1114 ‘Illi¹
502 1051 577 1132 regi
591 1049 739 1126 sincero,
751 1049 875 1127 amico,
889 1068 1030 1131 magno,
1045 1050 1185 1114 excelso
1205 1048 1291 1114 Fre-

173 1113 265 1154 sumtu.

336 1150 464 1228 derico,
483 1151 557 1232 regi
574 1149 802 1226 Alemanniae,
819 1148 855 1211 in
878 1150 1016 1214 nomine
1035 1149 1103 1212 Dei
1123 1149 1289 1215 miseren·

336 1251 394 1328 tis,
407 1270 469 1333 per
482 1251 630 1333 gratiam
645 1249 713 1312 Dei
724 1249 840 1325 unius,
854 1248 1018 1331 potentie,
1032 1251 1288 1331 exsuperantis,

336 1350 490 1428 victoris,
506 1349 678 1432 perennis,
696 1348 796 1431 cujus
813 1367 884 1412 uon
899 1355 954 1412 est
967 1348 1056 1412 finis.
1096 1347 1240 1413 Gratias
1257 1351 1289 1413 ei

337 1449 472 1532 agimus
494 1467 674 1531 perennes,
691 1447 791 1531 cujus
813 1448 930 1530 gratia
950 1455 1005 1511 est
1026 1465 1132 1530 super
1153 1468 1289 1513 omnem

337 1549 515 1626 mundum,
541 1550 767 1631 deprecamur
789 1567 881 1625 eum,
907 1554 947 1611 ut
971 1546 1136 1612 infundat
1159 1550 1289 1613 oratio-

338 1669 416 1713 nem
438 1667 538 1712 suam
554 1667 658 1731 super
680 1647 867 1730 prophetas
889 1666 984 1726 suos,
1006 1655 1042 1712 et
1059 1649 1212 1712 maxime
1231 1667 1289 1712 su·

293 1769 297 1779 ·
338 1769 400 1832 per
417 1749 662 1813 instructorem
683 1755 840 1812 nostrum
860 1747 1021 1811 nuntium
1041 1765 1142 1811 sunm
1161 1748 1288 1812 Maha-

338 1856 409 1913 met
422 1848 638 1931 prophetam,
652 1866 753 1930 quem
769 1848 864 1911 misit
880 1866 943 1930 pro
956 1849 1168 1912 correctione
1183 1856 1289 1912 rectee

337 1949 437 2030 legis,
454 1967 559 2032 quam
580 1947 686 2012 faciet
706 1965 873 2030 apparere
892 1966 997 2030 snper
1016 1954 1159 2012 cunctas
1182 1947 1287 2031 leges.

339 2048 472 2114 Notum
500 2048 646 2113 facimus
679 2046 753 2129 regi
786 2047 933 2124 sincero,
966 2048 1112 2129 potenti,
1147 2066 1287 2130 magno,

338 2149 462 2224 amico,
475 2147 647 2212 amicabili
659 2147 734 2228 regi
748 2144 976 2224 Alemanniae,
987 2147 1079 2230 quod
1096 2146 1199 2212 homo
1212 2149 1287 2231 qui-

338 2248 430 2326 darn,
441 2247 616 2311 Henricus
627 2247 777 2323 nomine,
788 2247 884 2311 venit
896 2246 940 2309 ad
954 2265 1018 2310 nos
1029 2246 1146 2310 dicens
1159 2265 1196 2310 se
1212 2267 1288 2312 esse

337 2348 495 2412 nuntium
510 2354 676 2424 vestrum,
693 2353 728 2410 et
745 2346 870 2410 detulit
886 2347 984 2410 nobis
998 2347 1172 2429 quandam
1187 2347 1287 2411 char·

336 2454 421 2525 tam,
439 2467 543 2530 quam
565 2446 655 2510 dixit
676 2464 752 2510 esse
770 2453 920 2510 vestram
936 2467 944 2526 ;
968 2464 1032 2510 uos
1054 2446 1124 2528 legi
1143 2446 1287 2511 fecimus

336 2547 504 2625 chartam,
521 2553 558 2610 et
574 2545 768 2610 audivimus
784 2565 863 2610 eum
880 2547 962 2610 viva
976 2564 1061 2610 voce
1077 2546 1288 2628 loquentem,

336 2653 372 2711 et
390 2647 518 2723 verbis,
536 2665 615 2728 quae
638 2665 697 2710 ore
717 2644 820 2723 dixit,
840 2646 955 2710 verbis
977 2646 1230 2728 respondimnS,
1253 2655 1289 2712 et

336 2745 401 2811 hoc
422 2752 478 2809 cst
496 2764 701 2828 responsum
717 2744 858 2810 chartae.
899 2744 1002 2824 Quod
1019 2746 1049 2809 si
1064 2747 1288 2828 computatis,

336 2847 397 2928 qui
415 2845 593 2910 vobiscum
614 2845 827 2910 concordant
846 2845 1006 2910 veniendi
1027 2865 1131 2927 snper
1154 2864 1231 2924 nos,
1253 2855 1288 2912 et

337 2946 536 3022 nominatis,
552 2953 588 3009 et
603 2944 729 3022 dicitis,
752 2965 815 3009 rex
830 2945 913 3008 tulis
930 2951 1044 3022 terroe,
1062 2952 1099 3008 et
1113 2965 1176 3008 rex
1200 2947 1288 3010 alte-

336 3046 408 3109 rius
432 3052 546 3124 terrae,
566 3052 603 3109 et
627 3063 742 3108 comes
763 3045 856 3122 tolie,
877 3052 912 3109 ct
936 3045 1033 3123 tales,
1057 3052 1094 3109 et
1114 3046 1203 3109 tales
1230 3065 1287 3109 ar·

336 3145 546 3228 chiepiscopi
562 3152 599 3209 et
619 3144 834 3208 marchiones
856 3151 892 3208 et
914 3144 1062 3224 milites3
1086 3145 1147 3208 sed
1169 3145 1199 3208 si
1222 3165 1287 3210 nos

336 3245 504 3310 vellemus
520 3244 737 3308 dinumerare
756 3263 828 3322 coe,
846 3244 906 3328 qui
924 3243 1057 3308 suntin
1077 3251 1197 3309 nostro
1213 3263 1287 3308 scr-

336 3345 435 3422 vitio‚
452 3345 565 3427 etqui
584 3350 666 3407 sunt
685 3343 903 3408 intendentes
920 3350 1040 3407 nostro
1060 3352 1234 3426 praecepto
1250 3353 1286 3410 et

336 3443 488 3527 prompti
505 3449 625 3508 nostro
644 3444 805 3520 sermoni,
821 3450 856 3507 et
872 3444 932 3526 qui
948 3442 1152 3507 dimicarent
1168 3463 1286 3508 coram

336 3544 465 3608 nostris
480 3543 652 3619 manibus,
669 3562 740 3607 non
757 3549 901 3624 possent
921 3543 978 3607 hic
997 3543 1034 3605 in
1051 3543 1218 3625 scriptum
1235 3564 1287 3608 re-

336 3643 435 3726 digi;
470 3650 506 3707 et
537 3642 568 3706 si
592 3641 868 3706 Christianorum
894 3643 1105 3725 computatis
1134 3643 1287 3722 nomina,

336 3743 587 3806 Saracenorum
612 3748 694 3805 sunt
717 3743 818 3825 plura
840 3748 876 3806 et
902 3742 1155 3806 abundantiore
1182 3761 1286 3826 quam

337 3841 623 3906 Christianorum.
658 3840 705 3905 Et
718 3842 749 3904 si
763 3842 854 3906 inter
868 3861 930 3906 vos
949 3848 984 3905 et
999 3860 1058 3905 eos
1075 3859 1162 3925 quos
1178 3844 1286 3907 nomi-

336 3943 445 4006 nastis
469 3940 686 4005 Christianos
703 3948 880 4019 moreest,
898 3942 989 4005 inter
1006 3941 1209 4019 Saracenos,
1226 3939 1288 4025 qui

336 4132 339 4136 ⁸
371 4108 380 4140 ¹
395 4111 437 4160 tuo
448 4111 530 4174 rogi]
545 4111 608 4159 'l'his
624 4110 698 4159 letter
708 4123 797 4165 occurs
821 4125 847 4172 p.
860 4114 934 4171 1157,
945 4111 971 4157 in
983 4109 1153 4173 Ooggeshale‚
1163 4111 1212 4162 col.
1231 4115 1291 4174 ⁶79,

335 4174 798 4243 iuthe‘HistoireHioroeolymitano,'
820 4180 871 4230 and
882 4179 1028 4230 elsewhere.
