2820 4882
381 389 446 454 142
637 399 775 451 ¹aecum
799 401 847 448 nn
870 397 1077 449 wannovnn

216 580 272 620 nn.
283 581 341 620 1⁰99.
380 561 540 625 comitem
554 560 792 625 Tholosannm
810 567 845 624 et
860 559 1033 642 principes
1048 557 1149 634 aliae,
1165 553 1225 638 qui
1240 554 1334 618 circa

141 720 143 724 .
215 631 366 722 illimis..
380 667 532 725 mentem
551 660 645 743 Syon
662 660 807 724 viriliter
835 660 1081 737 decertabant3
1110 657 1183 734 sed,
1209 655 1332 719 audito

380 768 575 824 nostrorum
587 767 622 824 et
635 759 827 825 Turcerum
843 760 992 826 clamore
1002 765 1042 835 ,et
1056 757 1182 822 civium
1199 762 1331 837 strage,

379 867 619 939 cognoverunt
640 862 759 924 urbem
784 859 953 924 violenter
978 858 1155 922 effractam
1183 862 1219 919 et
1247 873 1330 918 nos·

379 949 511 1023 trarnm
526 959 707 1045 victoriam
725 960 919 1040 legionum:
944 958 1137 1040 quistatim
1151 955 1266 1020 scalas
1283 954 1329 1017 ad

378 1079 514 1122 murum
532 1066 706 1142 aptantes,
729 1060 863 1123 nemine
885 1060 1059 1135 obstante,
1081 1057 1176 1120 urbis
1198 1053 1330 1118 moenia

377 1159 600 1237 transierunt,
624 1166 776 1240 stragem
797 1158 833 1222 in
851 1158 913 1222 illa
934 1165 1033 1240 parte
1059 1176 1128 1220 non
1154 1154 1327 1219 modicam

378 1265 582 1340 operantes;
611 1258 748 1340 partam
774 1259 893 1339 itaque
917 1257 1117 1333 australem,
1147 1274 1226 1336 qnae
1256 1252 1328 1316 illis

380 1364 457 1421 erat
471 1358 695 1435 contermina,
708 1358 902 1440 aperientes
919 1377 998 1421 cum
1013 1357 1145 1438 impetu
1160 1353 1329 1436 populum

377 1457 575 1521 universum
593 1458 799 1539 quantocius
815 1456 1050 1520 introducunt.
1104 1455 1253 1518 Factum
1272 1461 1329 1517 est

377 1563 504 1633 autem,
527 1556 618 1637 quod
646 1557 764 1635 Turci,
787 1557 847 1638 qui
870 1576 891 1620 a
915 1556 1001 1619 dnce
1024 1563 1059 1619 et
1081 1555 1152 1618 suis
1176 1553 1328 1634 agmini-

376 1655 442 1718 bus
470 1655 687 1737 aufugerant,
711 1657 755 1720 ad
777 1664 894 1738 partes
918 1656 997 1719 illas
1024 1654 1239 1718 declinantes
1262 1652 1328 1716 hos

376 1754 514 1819 obviam
537 1755 717 1833 haberent,
739 1763 774 1819 et
798 1756 949 1840 Scyllam
975 1751 1146 1819 evitantes
1167 1753 1328 1836 Charyb·

376 1853 447 1917 dim
480 1855 589 1918 multe
623 1855 848 1937 periculosius
875 1854 1089 1933 inciderunt;
1122 1872 1203 1917 nam
1225 1860 1329 1917 tanta

376 1954 502 2017 exinde
532 1973 594 2036 per
621 1957 739 2018 urbem
768 1962 903 2036 strages
927 1955 1021 2018 facta
1051 1960 1116 2032 est,
1147 1961 1186 2017 ut
1220 1953 1328 2016 etiam

375 2051 460 2136 ipsis
482 2054 671 2118 victoribus
701 2061 773 2118 tam
798 2054 969 2119 horrenda
991 2053 1170 2136 sanguinis
1203 2051 1328 2117 effusio

376 2152 518 2216 taedium
539 2155 712 2236 ingereret
734 2161 770 2218 et
791 2154 978 2219 horrorem.
1029 2151 1187 2217 Audiens
1208 2159 1328 2216 autem

375 2248 599 2331 Tancredns,¹
628 2253 720 2336 qnod
746 2253 837 2317 infra
860 2260 959 2336 septa
986 2253 1106 2335 templi
1132 2253 1327 2316 Turcerum

375 2369 413 2414 se
446 2353 634 2416 incluserat
663 2353 861 2430 multitudo,
890 2354 1038 2417 contulit
1067 2372 1104 2416 se
1135 2352 1218 2415 illuc
1246 2371 1326 2415 cum

374 2449 508 2532 ingenti
534 2453 635 2535 copia
660 2461 882 2530 armatorum,
907 2459 946 2516 et
965 2452 1132 2534 templum
1154 2452 1328 2516 violenter

374 2549 563 2630 ingressus,
597 2560 679 2633 post
717 2560 869 2633 stragem
899 2551 1136 2635 multiplicem,
1169 2551 1326 2614 infinitas

374 2650 450 2712 auri
474 2657 510 2714 et
535 2653 671 2732 argenti
694 2653 811 2734 copias
835 2652 915 2715 inde
939 2671 1056 2723 seeum
1079 2651 1204 2714 dicitur
1225 2644 1327 2714 ²abs-

374 2748 519 2828 tulisse3
560 2750 651 2832 quod
684 2751 807 2833 reliqui
838 2752 1011 2834 principes
1042 2751 1234 2827 audientes„
1269 2751 1325 2813 in·

374 2849 536 2911 tramissa
554 2850 709 2931 equitum
728 2858 764 2914 et
786 2850 939 2933 peditum
967 2850 1200 2927 multitudine,
1220 2857 1326 2932 quet·

374 2951 459 3028 quot
489 2948 537 3011 ibi
565 2949 741 3030 reperiunt
763 2949 888 3030 gladiis
911 2943 1135 3027 trucidantes,
1161 2950 1327 3014 universa

374 3047 544 3128 sanguine
562 3049 790 3130 repleverunt.
827 3047 1001 3113 Occidisse
1018 3048 1216 3113 referuntur
1230 3049 1324 3113 infra

373 3146 495 3228 templi
511 3147 677 3211 ambitum
700 3148 744 3211 ad
767 3148 883 3215 decem
906 3148 1015 3212 millia
1037 3149 1242 3227 ancornm,
1262 3169 1325 3212 ex-

372 3246 482 3327 ceptis
499 3247 588 3323 aliis,
606 3248 667 3329 qui
681 3248 810 3328 passim
835 3268 897 3330 per
920 3249 1038 3312 urbem
1059 3249 1324 3326 truncabantur,

373 3364 519 3426 quorum
544 3347 655 3410 minor
686 3366 755 3410 non
787 3347 895 3411 fuisse
927 3367 1090 3411 numerus
1125 3347 1322 3428 ferebatur;

373 3463 453 3507 nam
470 3445 579 3508 nostri
601 3466 663 3527 per
684 3447 781 3510 vicos
804 3454 839 3510 et
861 3447 1065 3511 diverticula
1080 3447 1324 3524 discurrentes,

372 3543 508 3607 occulta
536 3544 786 3625 perlustrantes
816 3547 990 3625 universa,
1021 3546 1323 3629 patrem-familias

373 3662 451 3706 cum
469 3663 579 3707 uxore
604 3645 779 3709 etliberis
803 3653 839 3709 et
859 3645 992 3711 familia
1014 3654 1090 3711 tota
1112 3666 1157 3710 ex
1179 3647 1323 3745 secretis

407 3840 584 3909 wulnodus]
610 3844 705 3894 ‘Solus
726 3845 834 3894 Tenere·
860 3845 948 3894 eadem
959 3846 1000 3895 vel
1016 3846 1163 3907 appreciata
1178 3847 1235 3896 loco
1251 3848 1324 3897 resti-

372 3911 431 3974 dus,
454 3913 630 3975 intempestiva
652 3914 770 3976 cupidine
792 3930 834 3964 oc·
859 3910 924 3964 tuit?
960 3915 1173 3978 Malmsb.§³⁷0.

372 3986 491 4043 cupatus,
512 3985 629 4044 quaedam
652 3985 834 4045 pretiosissima
885 3980 1066 4053 misturam]
1078 3987 1245 4046 ‘qnaetamen
1252 3991 1323 4048 pest-

372 4052 405 4100 de
415 4053 509 4113 templo
516 4054 656 4103 Salomonis
668 4055 771 4114 extulit;
788 4054 833 4103 sed
858 4055 969 4116 modum,
984 4056 1071 4104 sedato
1086 4056 1207 4118 tumultu,
1221 4057 1323 4106 restitu-

372 4123 541 4184 postmodum,
563 4138 611 4173 sua
632 4125 786 4174 conscientia
809 4128 835 4172 et
858 4124 908 4173 isse
920 4125 1032 4174 creditur
1043 4126 1069 4174 in
1083 4127 1209 4188 integrum
1218 4121 1235 4187 ;’
1252 4126 1323 4176 will.

371 4189 477 4239 afiorum
493 4198 630 4243 conventus
645 4195 780 4256 colloquio,
793 4195 833 4243 vel
857 4194 917 4256 Tyr.
929 4210 955 4255 p.
966 4198 1023 4245 759.
