<?xml version="1.0" encoding="UTF-8"?>
<!DOCTYPE html PUBLIC "-//W3C//DTD XHTML 1.0 Transitional//EN"
    "http://www.w3.org/TR/xhtml1/DTD/xhtml1-transitional.dtd">
<html xmlns="http://www.w3.org/1999/xhtml" xml:lang="en" lang="en">
 <head>
  <title>
</title>
<meta http-equiv="Content-Type" content="text/html;charset=utf-8" />
  <meta name='ocr-system' content='tesseract 3.04.00' />
  <meta name='ocr-capabilities' content='ocr_page ocr_carea ocr_par ocr_line ocrx_word'/>
</head>
<body>
  <div class='ocr_page' id='page_1' title='image "./rogeridewendove01rogegoog_0183.png"; bbox 0 0 2820 4882; ppageno 0'>
   <div class='ocr_carea' id='block_1_1' title="bbox 307 393 1001 457">
    <p class='ocr_par' dir='ltr' id='par_1_1' title="bbox 307 393 1001 457">
     <span class='ocr_line' id='line_1_1' title="bbox 307 393 1001 457; baseline -0.003 -2"><span class='ocrx_word' id='word_1_1' title='bbox 307 393 371 456; x_wconf 82' lang='lat'><strong>172</strong></span> <span class='ocrx_word' id='word_1_2' title='bbox 564 409 698 457; x_wconf 80' lang='lat' dir='ltr'><strong>uocum</strong></span> <span class='ocrx_word' id='word_1_3' title='bbox 725 409 771 455; x_wconf 84' lang='lat' dir='ltr'><strong>nu</strong></span> <span class='ocrx_word' id='word_1_4' title='bbox 794 407 1001 456; x_wconf 82' lang='lat' dir='ltr'><strong>wuunovnn</strong></span> 
     </span>
    </p>
   </div>
   <div class='ocr_carea' id='block_1_2' title="bbox 310 637 1263 824">
    <p class='ocr_par' dir='ltr' id='par_1_2' title="bbox 310 637 1263 824">
     <span class='ocr_line' id='line_1_2' title="bbox 310 637 1263 723; baseline -0.003 -20"><span class='ocrx_word' id='word_1_5' title='bbox 310 639 399 718; x_wconf 76' lang='lat' dir='ltr'><strong>Quod</strong></span> <span class='ocrx_word' id='word_1_6' title='bbox 412 639 587 716; x_wconf 66' lang='lat' dir='ltr'><strong>Aureliane,</strong></span> <span class='ocrx_word' id='word_1_7' title='bbox 607 639 843 703; x_wconf 72' lang='lat' dir='ltr'><strong>Contuccicasis</strong></span> <span class='ocrx_word' id='word_1_8' title='bbox 861 637 1121 723; x_wconf 67' lang='lat' dir='ltr'><strong>archicptbcepas,</strong></span> <span class='ocrx_word' id='word_1_9' title='bbox 1130 637 1263 701; x_wconf 80' lang='lat' dir='ltr'><strong>Romam</strong></span> 
     </span>
     <span class='ocr_line' id='line_1_3' title="bbox 418 736 1142 824; baseline -0.003 -23"><span class='ocrx_word' id='word_1_10' title='bbox 418 740 577 824; x_wconf 69' lang='lat' dir='ltr'><strong>prosmas</strong></span> <span class='ocrx_word' id='word_1_11' title='bbox 591 737 712 802; x_wconf 77' lang='lat' dir='ltr'><strong>oblatas</strong></span> <span class='ocrx_word' id='word_1_12' title='bbox 726 738 910 824; x_wconf 73' lang='lat' dir='ltr'><strong>depredatos</strong></span> <span class='ocrx_word' id='word_1_13' title='bbox 924 758 1022 800; x_wconf 73' lang='lat' dir='ltr'><strong>meam</strong></span> <span class='ocrx_word' id='word_1_14' title='bbox 1039 736 1142 802; x_wconf 80' lang='lat' dir='ltr'><strong>duait.</strong></span> 
     </span>
    </p>
   </div>
   <div class='ocr_carea' id='block_1_3' title="bbox 146 858 1295 3828">
    <p class='ocr_par' dir='ltr' id='par_1_3' title="bbox 146 858 1295 3828">
     <span class='ocr_line' id='line_1_4' title="bbox 146 858 1265 952; baseline -0.004 -26"><span class='ocrx_word' id='word_1_15' title='bbox 146 887 269 952; x_wconf 66' lang='lat' dir='ltr'><strong>annm</strong></span> <span class='ocrx_word' id='word_1_16' title='bbox 358 860 462 926; x_wconf 89' lang='lat' dir='ltr'><strong>Anno</strong></span> <span class='ocrx_word' id='word_1_17' title='bbox 488 863 630 926; x_wconf 91' lang='lat' dir='ltr'><strong>Domini</strong></span> <span class='ocrx_word' id='word_1_18' title='bbox 653 878 761 926; x_wconf 85' lang='lat' dir='ltr'><strong>nour.</strong></span> <span class='ocrx_word' id='word_1_19' title='bbox 784 860 984 936; x_wconf 87' lang='lat' dir='ltr'><strong>Anselmus,</strong></span> <span class='ocrx_word' id='word_1_20' title='bbox 1001 858 1265 924; x_wconf 85' lang='lat' dir='ltr'><strong>Cantuariensis</strong></span> 
     </span>
     <span class='ocr_line' id='line_1_5' title="bbox 146 936 1264 1045; baseline -0.004 -21"><span class='ocrx_word' id='word_1_21' title='bbox 146 936 253 1025; x_wconf 42' lang='lat' dir='ltr'><strong>bibl?</strong></span> <span class='ocrx_word' id='word_1_22' title='bbox 308 962 600 1045; x_wconf 89' lang='lat' dir='ltr'><strong>archiepiscopus,</strong></span> <span class='ocrx_word' id='word_1_23' title='bbox 625 968 705 1043; x_wconf 92' lang='lat' dir='ltr'><strong>post</strong></span> <span class='ocrx_word' id='word_1_24' title='bbox 731 961 859 1024; x_wconf 90' lang='lat' dir='ltr'><strong>multas</strong></span> <span class='ocrx_word' id='word_1_25' title='bbox 884 959 1124 1024; x_wconf 85' lang='lat' dir='ltr'><strong>tribulationes</strong></span> <span class='ocrx_word' id='word_1_26' title='bbox 1152 966 1188 1023; x_wconf 89' lang='lat' dir='ltr'><strong>et</strong></span> <span class='ocrx_word' id='word_1_27' title='bbox 1210 960 1264 1022; x_wconf 89' lang='lat' dir='ltr'><strong>in·</strong></span> 
     </span>
     <span class='ocr_line' id='line_1_6' title="bbox 147 1037 1263 1145; baseline -0.005 -19"><span class='ocrx_word' id='word_1_28' title='bbox 147 1037 222 1076; x_wconf 51' lang='grc' dir='ltr'><strong>ΗΜ</strong></span> <span class='ocrx_word' id='word_1_29' title='bbox 304 1061 430 1145; x_wconf 88' lang='lat' dir='ltr'><strong>jurias,</strong></span> <span class='ocrx_word' id='word_1_30' title='bbox 458 1080 546 1143; x_wconf 90' lang='lat' dir='ltr'><strong>quas</strong></span> <span class='ocrx_word' id='word_1_31' title='bbox 570 1080 592 1124; x_wconf 98' lang='lat' dir='ltr'><strong>a</strong></span> <span class='ocrx_word' id='word_1_32' title='bbox 618 1080 700 1142; x_wconf 89' lang='lat' dir='ltr'><strong>rege</strong></span> <span class='ocrx_word' id='word_1_33' title='bbox 730 1078 914 1142; x_wconf 87' lang='lat' dir='ltr'><strong>perpessus</strong></span> <span class='ocrx_word' id='word_1_34' title='bbox 944 1059 1070 1136; x_wconf 90' lang='lat' dir='ltr'><strong>fuerat,</strong></span> <span class='ocrx_word' id='word_1_35' title='bbox 1094 1052 1263 1122; x_wconf 89' lang='lat' dir='ltr'><strong>¹Romam</strong></span> 
     </span>
     <span class='ocr_line' id='line_1_7' title="bbox 308 1161 1263 1244; baseline -0.004 -20"><span class='ocrx_word' id='word_1_36' title='bbox 308 1162 474 1244; x_wconf 88' lang='lat' dir='ltr'><strong>perrexit,</strong></span> <span class='ocrx_word' id='word_1_37' title='bbox 489 1161 580 1224; x_wconf 89' lang='lat' dir='ltr'><strong>sicut</strong></span> <span class='ocrx_word' id='word_1_38' title='bbox 593 1161 684 1223; x_wconf 90' lang='lat' dir='ltr'><strong>inter</strong></span> <span class='ocrx_word' id='word_1_39' title='bbox 705 1161 818 1242; x_wconf 90' lang='lat' dir='ltr'><strong>ipsum</strong></span> <span class='ocrx_word' id='word_1_40' title='bbox 841 1165 877 1222; x_wconf 88' lang='lat' dir='ltr'><strong>et</strong></span> <span class='ocrx_word' id='word_1_41' title='bbox 899 1178 1014 1240; x_wconf 88' lang='lat' dir='ltr'><strong>regem</strong></span> <span class='ocrx_word' id='word_1_42' title='bbox 1040 1165 1263 1234; x_wconf 89' lang='lat' dir='ltr'><strong>convenerat,</strong></span> 
     </span>
     <span class='ocr_line' id='line_1_8' title="bbox 308 1257 1262 1341; baseline -0.006 -17"><span class='ocrx_word' id='word_1_43' title='bbox 308 1261 438 1324; x_wconf 89' lang='lat' dir='ltr'><strong>ducens</strong></span> <span class='ocrx_word' id='word_1_44' title='bbox 452 1279 566 1323; x_wconf 89' lang='lat' dir='ltr'><strong>secum</strong></span> <span class='ocrx_word' id='word_1_45' title='bbox 583 1259 792 1341; x_wconf 83' lang='lat' dir='ltr'>degradatos</span> <span class='ocrx_word' id='word_1_46' title='bbox 814 1259 958 1322; x_wconf 81' lang='lat' dir='ltr'><strong>abbates</strong></span> <span class='ocrx_word' id='word_1_47' title='bbox 979 1265 1015 1322; x_wconf 90' lang='lat' dir='ltr'><strong>et</strong></span> <span class='ocrx_word' id='word_1_48' title='bbox 1032 1257 1262 1335; x_wconf 89' lang='lat' dir='ltr'><strong>Willelmum,</strong></span> 
     </span>
     <span class='ocr_line' id='line_1_9' title="bbox 309 1350 1295 1440; baseline -0.005 -16"><span class='ocrx_word' id='word_1_49' title='bbox 309 1359 586 1424; x_wconf 80' lang='lat' dir='ltr'>wintoniensem</span> <span class='ocrx_word' id='word_1_50' title='bbox 606 1359 773 1437; x_wconf 84' lang='lat' dir='ltr'><strong>electum3</strong></span> <span class='ocrx_word' id='word_1_51' title='bbox 802 1378 871 1440; x_wconf 90' lang='lat' dir='ltr'><strong>quo</strong></span> <span class='ocrx_word' id='word_1_52' title='bbox 887 1357 1036 1420; x_wconf 87' lang='lat' dir='ltr'><strong>Romam</strong></span> <span class='ocrx_word' id='word_1_53' title='bbox 1052 1357 1225 1433; x_wconf 86' lang='lat' dir='ltr'><strong>veniente,</strong></span> <span class='ocrx_word' id='word_1_54' title='bbox 1242 1375 1264 1433; x_wconf 86' lang='lat' dir='ltr'><strong>a</strong></span> <span class='ocrx_word' id='word_1_55' title='bbox 1289 1350 1295 1363; x_wconf 89' lang='lat'>&#39;</span> 
     </span>
     <span class='ocr_line' id='line_1_10' title="bbox 309 1456 1263 1541; baseline -0.003 -20"><span class='ocrx_word' id='word_1_56' title='bbox 309 1478 402 1541; x_wconf 88' lang='lat' dir='ltr'><strong>papa</strong></span> <span class='ocrx_word' id='word_1_57' title='bbox 419 1458 580 1521; x_wconf 91' lang='lat' dir='ltr'><strong>Pascbali</strong></span> <span class='ocrx_word' id='word_1_58' title='bbox 598 1464 779 1540; x_wconf 87' lang='lat' dir='ltr'><strong>susceptus</strong></span> <span class='ocrx_word' id='word_1_59' title='bbox 795 1465 848 1520; x_wconf 92' lang='lat' dir='ltr'><strong>est</strong></span> <span class='ocrx_word' id='word_1_60' title='bbox 863 1464 1071 1521; x_wconf 82' lang='lat' dir='ltr'>reverenter.</span> <span class='ocrx_word' id='word_1_61' title='bbox 1114 1456 1263 1534; x_wconf 91' lang='lat' dir='ltr'><strong>Dehinc,</strong></span> 
     </span>
     <span class='ocr_line' id='line_1_11' title="bbox 310 1554 1263 1640; baseline -0.002 -20"><span class='ocrx_word' id='word_1_62' title='bbox 310 1559 366 1621; x_wconf 87' lang='lat' dir='ltr'><strong>die</strong></span> <span class='ocrx_word' id='word_1_63' title='bbox 393 1578 457 1640; x_wconf 92' lang='lat' dir='ltr'><strong>pro</strong></span> <span class='ocrx_word' id='word_1_64' title='bbox 484 1557 588 1639; x_wconf 88' lang='lat' dir='ltr'><strong>regiis</strong></span> <span class='ocrx_word' id='word_1_65' title='bbox 615 1558 805 1620; x_wconf 91' lang='lat' dir='ltr'><strong>constituto</strong></span> <span class='ocrx_word' id='word_1_66' title='bbox 828 1555 990 1638; x_wconf 89' lang='lat' dir='ltr'><strong>negotiis,</strong></span> <span class='ocrx_word' id='word_1_67' title='bbox 1006 1555 1204 1620; x_wconf 88' lang='lat' dir='ltr'><strong>Willelmus</strong></span> <span class='ocrx_word' id='word_1_68' title='bbox 1219 1554 1263 1618; x_wconf 90' lang='lat' dir='ltr'><strong>de</strong></span> 
     </span>
     <span class='ocr_line' id='line_1_12' title="bbox 310 1649 1264 1738; baseline -0.005 -16"><span class='ocrx_word' id='word_1_69' title='bbox 310 1649 523 1734; x_wconf 83' lang='lat' dir='ltr'><strong>Wareuast,²</strong></span> <span class='ocrx_word' id='word_1_70' title='bbox 533 1656 678 1720; x_wconf 88' lang='lat' dir='ltr'><strong>clericus</strong></span> <span class='ocrx_word' id='word_1_71' title='bbox 692 1663 728 1720; x_wconf 93' lang='lat' dir='ltr'><strong>et</strong></span> <span class='ocrx_word' id='word_1_72' title='bbox 741 1663 944 1738; x_wconf 89' lang='lat' dir='ltr'><strong>procurator</strong></span> <span class='ocrx_word' id='word_1_73' title='bbox 955 1656 1047 1737; x_wconf 88' lang='lat' dir='ltr'><strong>regis</strong></span> <span class='ocrx_word' id='word_1_74' title='bbox 1059 1653 1264 1737; x_wconf 84' lang='lat' dir='ltr'><strong>Anglorum‚</strong></span> 
     </span>
     <span class='ocr_line' id='line_1_13' title="bbox 310 1754 1264 1838; baseline -0.004 -18"><span class='ocrx_word' id='word_1_75' title='bbox 310 1775 451 1820; x_wconf 86' lang='lat' dir='ltr'><strong>causam</strong></span> <span class='ocrx_word' id='word_1_76' title='bbox 468 1757 577 1838; x_wconf 90' lang='lat' dir='ltr'><strong>ipsius</strong></span> <span class='ocrx_word' id='word_1_77' title='bbox 592 1756 628 1818; x_wconf 93' lang='lat' dir='ltr'><strong>in</strong></span> <span class='ocrx_word' id='word_1_78' title='bbox 644 1756 793 1820; x_wconf 88' lang='lat' dir='ltr'><strong>medium</strong></span> <span class='ocrx_word' id='word_1_79' title='bbox 812 1754 904 1831; x_wconf 91' lang='lat' dir='ltr'><strong>tulit,</strong></span> <span class='ocrx_word' id='word_1_80' title='bbox 921 1774 962 1819; x_wconf 88' lang='lat' dir='ltr'><strong>ac</strong></span> <span class='ocrx_word' id='word_1_81' title='bbox 985 1755 1077 1819; x_wconf 89' lang='lat' dir='ltr'><strong>inter</strong></span> <span class='ocrx_word' id='word_1_82' title='bbox 1093 1755 1165 1819; x_wconf 90' lang='lat' dir='ltr'><strong>alia</strong></span> <span class='ocrx_word' id='word_1_83' title='bbox 1181 1773 1264 1817; x_wconf 92' lang='lat' dir='ltr'><strong>con-</strong></span> 
     </span>
     <span class='ocr_line' id='line_1_14' title="bbox 311 1853 1264 1937; baseline -0.002 -19"><span class='ocrx_word' id='word_1_84' title='bbox 311 1863 443 1920; x_wconf 86' lang='lat' dir='ltr'><strong>stanter</strong></span> <span class='ocrx_word' id='word_1_85' title='bbox 457 1855 634 1937; x_wconf 85' lang='lat' dir='ltr'><strong>allegavit,</strong></span> <span class='ocrx_word' id='word_1_86' title='bbox 651 1855 743 1937; x_wconf 95' lang='lat' dir='ltr'><strong>quod</strong></span> <span class='ocrx_word' id='word_1_87' title='bbox 770 1874 832 1918; x_wconf 90' lang='lat' dir='ltr'><strong>nec</strong></span> <span class='ocrx_word' id='word_1_88' title='bbox 854 1854 929 1937; x_wconf 89' lang='lat' dir='ltr'><strong>ipse</strong></span> <span class='ocrx_word' id='word_1_89' title='bbox 951 1875 1014 1937; x_wconf 93' lang='lat' dir='ltr'><strong>pro</strong></span> <span class='ocrx_word' id='word_1_90' title='bbox 1036 1855 1136 1936; x_wconf 88' lang='lat' dir='ltr'><strong>regni</strong></span> <span class='ocrx_word' id='word_1_91' title='bbox 1156 1853 1264 1917; x_wconf 89' lang='lat' dir='ltr'><strong>amis·</strong></span> 
     </span>
     <span class='ocr_line' id='line_1_15' title="bbox 310 1953 1264 2030; baseline -0.001 -13"><span class='ocrx_word' id='word_1_92' title='bbox 310 1955 407 2019; x_wconf 89' lang='lat' dir='ltr'><strong>sione</strong></span> <span class='ocrx_word' id='word_1_93' title='bbox 428 1955 652 2019; x_wconf 85' lang='lat' dir='ltr'><strong>investituras</strong></span> <span class='ocrx_word' id='word_1_94' title='bbox 676 1954 899 2018; x_wconf 87' lang='lat' dir='ltr'><strong>ecclesiarum</strong></span> <span class='ocrx_word' id='word_1_95' title='bbox 923 1955 1082 2018; x_wconf 88' lang='lat' dir='ltr'><strong>amittere</strong></span> <span class='ocrx_word' id='word_1_96' title='bbox 1107 1953 1204 2030; x_wconf 89' lang='lat' dir='ltr'><strong>velit,</strong></span> <span class='ocrx_word' id='word_1_97' title='bbox 1227 1960 1264 2030; x_wconf 89' lang='lat' dir='ltr'><strong>et</strong></span> 
     </span>
     <span class='ocr_line' id='line_1_16' title="bbox 310 2050 1263 2135; baseline 0 -19"><span class='ocrx_word' id='word_1_98' title='bbox 310 2055 376 2119; x_wconf 91' lang='lat' dir='ltr'><strong>hoc</strong></span> <span class='ocrx_word' id='word_1_99' title='bbox 394 2056 507 2120; x_wconf 89' lang='lat' dir='ltr'><strong>verbis</strong></span> <span class='ocrx_word' id='word_1_100' title='bbox 524 2053 716 2118; x_wconf 90' lang='lat' dir='ltr'><strong>minacibus</strong></span> <span class='ocrx_word' id='word_1_101' title='bbox 732 2053 937 2118; x_wconf 89' lang='lat' dir='ltr'><strong>adfirmavit.</strong></span> <span class='ocrx_word' id='word_1_102' title='bbox 983 2050 1040 2116; x_wconf 88' lang='lat' dir='ltr'><strong>Ad</strong></span> <span class='ocrx_word' id='word_1_103' title='bbox 1058 2053 1132 2117; x_wconf 89' lang='lat' dir='ltr'><strong>haec</strong></span> <span class='ocrx_word' id='word_1_104' title='bbox 1149 2071 1263 2135; x_wconf 87' lang='lat' dir='ltr'><strong>papa;</strong></span> 
     </span>
     <span class='ocr_line' id='line_1_17' title="bbox 312 2152 1263 2237; baseline -0.003 -19"><span class='ocrx_word' id='word_1_105' title='bbox 312 2161 321 2189; x_wconf 88' lang='lat'>‘</span> <span class='ocrx_word' id='word_1_106' title='bbox 337 2155 386 2232; x_wconf 90' lang='lat' dir='ltr'><strong>Si,</strong></span> <span class='ocrx_word' id='word_1_107' title='bbox 406 2153 694 2237; x_wconf 88' lang='lat' dir='ltr'><strong>quemadmodum</strong></span> <span class='ocrx_word' id='word_1_108' title='bbox 708 2152 806 2230; x_wconf 89' lang='lat' dir='ltr'><strong>dicis,</strong></span> <span class='ocrx_word' id='word_1_109' title='bbox 820 2173 883 2216; x_wconf 85' lang='lat' dir='ltr'><strong>rex</strong></span> <span class='ocrx_word' id='word_1_110' title='bbox 902 2160 984 2217; x_wconf 92' lang='lat' dir='ltr'><strong>tuus</strong></span> <span class='ocrx_word' id='word_1_111' title='bbox 1000 2173 1061 2217; x_wconf 91' lang='lat' dir='ltr'><strong>nec</strong></span> <span class='ocrx_word' id='word_1_112' title='bbox 1080 2173 1143 2235; x_wconf 92' lang='lat' dir='ltr'><strong>pro</strong></span> <span class='ocrx_word' id='word_1_113' title='bbox 1163 2153 1263 2234; x_wconf 89' lang='lat' dir='ltr'><strong>regni</strong></span> 
     </span>
     <span class='ocr_line' id='line_1_18' title="bbox 312 2252 1265 2334; baseline -0.002 -17"><span class='ocrx_word' id='word_1_114' title='bbox 312 2256 496 2319; x_wconf 89' lang='lat' dir='ltr'><strong>amissione</strong></span> <span class='ocrx_word' id='word_1_115' title='bbox 514 2254 719 2318; x_wconf 89' lang='lat' dir='ltr'><strong>donationes</strong></span> <span class='ocrx_word' id='word_1_116' title='bbox 745 2252 967 2317; x_wconf 91' lang='lat' dir='ltr'><strong>ecclesiarum</strong></span> <span class='ocrx_word' id='word_1_117' title='bbox 990 2253 1149 2316; x_wconf 88' lang='lat' dir='ltr'><strong>amittere</strong></span> <span class='ocrx_word' id='word_1_118' title='bbox 1165 2258 1265 2334; x_wconf 90' lang='lat' dir='ltr'><strong>pate·</strong></span> 
     </span>
     <span class='ocr_line' id='line_1_19' title="bbox 311 2352 1265 2435; baseline -0.002 -19"><span class='ocrx_word' id='word_1_119' title='bbox 311 2361 419 2431; x_wconf 90' lang='lat' dir='ltr'><strong>retur,</strong></span> <span class='ocrx_word' id='word_1_120' title='bbox 444 2355 535 2417; x_wconf 89' lang='lat' dir='ltr'><strong>scias</strong></span> <span class='ocrx_word' id='word_1_121' title='bbox 563 2354 719 2435; x_wconf 87' lang='lat' dir='ltr'><strong>praecise,</strong></span> <span class='ocrx_word' id='word_1_122' title='bbox 743 2371 860 2416; x_wconf 91' lang='lat' dir='ltr'><strong>coram</strong></span> <span class='ocrx_word' id='word_1_123' title='bbox 884 2353 960 2416; x_wconf 90' lang='lat' dir='ltr'><strong>Deo</strong></span> <span class='ocrx_word' id='word_1_124' title='bbox 982 2353 1072 2430; x_wconf 91' lang='lat' dir='ltr'><strong>dico,</strong></span> <span class='ocrx_word' id='word_1_125' title='bbox 1095 2352 1178 2433; x_wconf 86' lang='lat' dir='ltr'><strong>quia</strong></span> <span class='ocrx_word' id='word_1_126' title='bbox 1200 2371 1265 2414; x_wconf 91' lang='lat' dir='ltr'><strong>nec</strong></span> 
     </span>
     <span class='ocr_line' id='line_1_20' title="bbox 312 2451 1263 2535; baseline -0.002 -20"><span class='ocrx_word' id='word_1_127' title='bbox 312 2473 375 2535; x_wconf 92' lang='lat' dir='ltr'><strong>pro</strong></span> <span class='ocrx_word' id='word_1_128' title='bbox 389 2454 456 2516; x_wconf 88' lang='lat' dir='ltr'><strong>mei</strong></span> <span class='ocrx_word' id='word_1_129' title='bbox 472 2453 596 2534; x_wconf 89' lang='lat' dir='ltr'><strong>capitis</strong></span> <span class='ocrx_word' id='word_1_130' title='bbox 615 2452 849 2533; x_wconf 89' lang='lat' dir='ltr'><strong>redemptione</strong></span> <span class='ocrx_word' id='word_1_131' title='bbox 872 2471 932 2515; x_wconf 84' lang='lat' dir='ltr'><strong>eas</strong></span> <span class='ocrx_word' id='word_1_132' title='bbox 948 2452 1000 2515; x_wconf 93' lang='lat' dir='ltr'><strong>illi</strong></span> <span class='ocrx_word' id='word_1_133' title='bbox 1021 2451 1161 2533; x_wconf 87' lang='lat' dir='ltr'><strong>impune</strong></span> <span class='ocrx_word' id='word_1_134' title='bbox 1185 2471 1263 2533; x_wconf 91' lang='lat' dir='ltr'><strong>per-</strong></span> 
     </span>
     <span class='ocr_line' id='line_1_21' title="bbox 310 2551 1263 2632; baseline 0 -18"><span class='ocrx_word' id='word_1_135' title='bbox 310 2553 482 2616; x_wconf 88' lang='lat' dir='ltr'><strong>mitterem</strong></span> <span class='ocrx_word' id='word_1_136' title='bbox 505 2553 684 2616; x_wconf 85' lang='lat' dir='ltr'><strong>obtinere.&#39;</strong></span> <span class='ocrx_word' id='word_1_137' title='bbox 731 2551 774 2614; x_wconf 94' lang='lat' dir='ltr'><strong>In</strong></span> <span class='ocrx_word' id='word_1_138' title='bbox 804 2551 859 2615; x_wconf 89' lang='lat' dir='ltr'><strong>bis</strong></span> <span class='ocrx_word' id='word_1_139' title='bbox 890 2571 974 2632; x_wconf 89' lang='lat' dir='ltr'><strong>ergo</strong></span> <span class='ocrx_word' id='word_1_140' title='bbox 1004 2552 1096 2632; x_wconf 92' lang='lat' dir='ltr'><strong>regis</strong></span> <span class='ocrx_word' id='word_1_141' title='bbox 1122 2551 1263 2631; x_wconf 90' lang='lat' dir='ltr'><strong>negotio</strong></span> 
     </span>
     <span class='ocr_line' id='line_1_22' title="bbox 313 2650 1263 2732; baseline -0.002 -17"><span class='ocrx_word' id='word_1_142' title='bbox 313 2652 510 2728; x_wconf 87' lang='lat' dir='ltr'><strong>terminate,</strong></span> <span class='ocrx_word' id='word_1_143' title='bbox 520 2650 707 2715; x_wconf 85' lang='lat' dir='ltr'><strong>Anselmus</strong></span> <span class='ocrx_word' id='word_1_144' title='bbox 721 2650 1000 2732; x_wconf 88' lang='lat' dir='ltr'><strong>archiepiscopus</strong></span> <span class='ocrx_word' id='word_1_145' title='bbox 1012 2669 1075 2732; x_wconf 92' lang='lat' dir='ltr'><strong>pro</strong></span> <span class='ocrx_word' id='word_1_146' title='bbox 1090 2650 1263 2732; x_wconf 89' lang='lat' dir='ltr'><strong>episcopis</strong></span> 
     </span>
     <span class='ocr_line' id='line_1_23' title="bbox 312 2750 1264 2833; baseline -0.002 -19"><span class='ocrx_word' id='word_1_147' title='bbox 312 2760 347 2815; x_wconf 93' lang='lat' dir='ltr'><strong>et</strong></span> <span class='ocrx_word' id='word_1_148' title='bbox 370 2752 552 2815; x_wconf 88' lang='lat' dir='ltr'><strong>abbatibus</strong></span> <span class='ocrx_word' id='word_1_149' title='bbox 575 2750 773 2833; x_wconf 85' lang='lat' dir='ltr'><strong>degradatis</strong></span> <span class='ocrx_word' id='word_1_150' title='bbox 798 2750 908 2813; x_wconf 92' lang='lat' dir='ltr'><strong>multa</strong></span> <span class='ocrx_word' id='word_1_151' title='bbox 931 2770 1069 2832; x_wconf 91' lang='lat' dir='ltr'><strong>precum</strong></span> <span class='ocrx_word' id='word_1_152' title='bbox 1095 2750 1264 2813; x_wconf 89' lang='lat' dir='ltr'><strong>instantia</strong></span> 
     </span>
     <span class='ocr_line' id='line_1_24' title="bbox 312 2848 1262 2933; baseline -0.003 -19"><span class='ocrx_word' id='word_1_153' title='bbox 312 2851 486 2915; x_wconf 91' lang='lat' dir='ltr'><strong>dominum</strong></span> <span class='ocrx_word' id='word_1_154' title='bbox 509 2870 635 2933; x_wconf 86' lang='lat' dir='ltr'><strong>papam</strong></span> <span class='ocrx_word' id='word_1_155' title='bbox 653 2869 778 2931; x_wconf 89' lang='lat' dir='ltr'><strong>rogare</strong></span> <span class='ocrx_word' id='word_1_156' title='bbox 801 2850 919 2932; x_wconf 89' lang='lat' dir='ltr'><strong>coepit,</strong></span> <span class='ocrx_word' id='word_1_157' title='bbox 942 2857 981 2913; x_wconf 90' lang='lat' dir='ltr'><strong>ut</strong></span> <span class='ocrx_word' id='word_1_158' title='bbox 1004 2848 1173 2914; x_wconf 83' lang='lat' dir='ltr'><strong>cumillis</strong></span> <span class='ocrx_word' id='word_1_159' title='bbox 1197 2848 1262 2912; x_wconf 74' lang='lat' dir='ltr'><strong>mi-</strong></span> 
     </span>
     <span class='ocr_line' id='line_1_25' title="bbox 312 2948 1264 3032; baseline -0.002 -19"><span class='ocrx_word' id='word_1_160' title='bbox 312 2951 531 3015; x_wconf 91' lang='lat' dir='ltr'><strong>sericorditer</strong></span> <span class='ocrx_word' id='word_1_161' title='bbox 553 2949 779 3032; x_wconf 86' lang='lat' dir='ltr'><strong>dispensaret,</strong></span> <span class='ocrx_word' id='word_1_162' title='bbox 809 2958 848 3013; x_wconf 93' lang='lat' dir='ltr'><strong>ut</strong></span> <span class='ocrx_word' id='word_1_163' title='bbox 876 2956 1019 3031; x_wconf 88' lang='lat' dir='ltr'><strong>possent</strong></span> <span class='ocrx_word' id='word_1_164' title='bbox 1040 2948 1186 3011; x_wconf 88' lang='lat' dir='ltr'><strong>amissas</strong></span> <span class='ocrx_word' id='word_1_165' title='bbox 1207 2968 1264 3011; x_wconf 89' lang='lat' dir='ltr'><strong>re-</strong></span> 
     </span>
     <span class='ocr_line' id='line_1_26' title="bbox 312 3048 1262 3133; baseline -0.004 -19"><span class='ocrx_word' id='word_1_166' title='bbox 312 3051 425 3133; x_wconf 87' lang='lat' dir='ltr'><strong>cipere</strong></span> <span class='ocrx_word' id='word_1_167' title='bbox 451 3051 652 3132; x_wconf 85' lang='lat' dir='ltr'><strong>dignitates.</strong></span> <span class='ocrx_word' id='word_1_168' title='bbox 719 3048 819 3112; x_wconf 83' lang='lat' dir='ltr'><strong>Tunc</strong></span> <span class='ocrx_word' id='word_1_169' title='bbox 851 3048 950 3113; x_wconf 88' lang='lat' dir='ltr'><strong>sedes</strong></span> <span class='ocrx_word' id='word_1_170' title='bbox 983 3048 1262 3122; x_wconf 86' lang='lat' dir='ltr'><strong>clementissima,</strong></span> 
     </span>
     <span class='ocr_line' id='line_1_27' title="bbox 312 3147 1264 3232; baseline -0.004 -18"><span class='ocrx_word' id='word_1_171' title='bbox 312 3169 391 3232; x_wconf 86' lang='lat' dir='ltr'><strong>quae</strong></span> <span class='ocrx_word' id='word_1_172' title='bbox 413 3150 499 3213; x_wconf 93' lang='lat' dir='ltr'><strong>nulli</strong></span> <span class='ocrx_word' id='word_1_173' title='bbox 523 3149 643 3214; x_wconf 87' lang='lat' dir='ltr'><strong>deesse</strong></span> <span class='ocrx_word' id='word_1_174' title='bbox 668 3149 861 3225; x_wconf 89' lang='lat' dir='ltr'><strong>consuevit,</strong></span> <span class='ocrx_word' id='word_1_175' title='bbox 887 3148 1073 3212; x_wconf 90' lang='lat' dir='ltr'><strong>dummodo</strong></span> <span class='ocrx_word' id='word_1_176' title='bbox 1099 3148 1170 3212; x_wconf 89' lang='lat' dir='ltr'><strong>albi</strong></span> <span class='ocrx_word' id='word_1_177' title='bbox 1200 3147 1264 3211; x_wconf 73' lang='lat' dir='ltr'><strong>ali·</strong></span> 
     </span>
     <span class='ocr_line' id='line_1_28' title="bbox 312 3246 1264 3332; baseline -0.003 -19"><span class='ocrx_word' id='word_1_178' title='bbox 312 3250 395 3332; x_wconf 92' lang='lat' dir='ltr'><strong>quid</strong></span> <span class='ocrx_word' id='word_1_179' title='bbox 412 3250 469 3313; x_wconf 88' lang='lat' dir='ltr'><strong>vel</strong></span> <span class='ocrx_word' id='word_1_180' title='bbox 495 3250 592 3312; x_wconf 91' lang='lat' dir='ltr'><strong>rubei</strong></span> <span class='ocrx_word' id='word_1_181' title='bbox 613 3247 816 3325; x_wconf 90' lang='lat' dir='ltr'><strong>intercedat,</strong></span> <span class='ocrx_word' id='word_1_182' title='bbox 840 3249 1060 3330; x_wconf 86' lang='lat' dir='ltr'><strong>praescriptos</strong></span> <span class='ocrx_word' id='word_1_183' title='bbox 1082 3246 1264 3330; x_wconf 90' lang='lat' dir='ltr'><strong>pontifices</strong></span> 
     </span>
     <span class='ocr_line' id='line_1_29' title="bbox 313 3346 1264 3430; baseline -0.002 -17"><span class='ocrx_word' id='word_1_184' title='bbox 313 3356 348 3413; x_wconf 92' lang='lat' dir='ltr'><strong>et</strong></span> <span class='ocrx_word' id='word_1_185' title='bbox 364 3350 507 3413; x_wconf 90' lang='lat' dir='ltr'><strong>abbates</strong></span> <span class='ocrx_word' id='word_1_186' title='bbox 530 3348 573 3411; x_wconf 97' lang='lat' dir='ltr'><strong>ad</strong></span> <span class='ocrx_word' id='word_1_187' title='bbox 596 3348 763 3430; x_wconf 85' lang='lat' dir='ltr'><strong>pristinas</strong></span> <span class='ocrx_word' id='word_1_188' title='bbox 787 3348 974 3429; x_wconf 86' lang='lat' dir='ltr'><strong>dignitates</strong></span> <span class='ocrx_word' id='word_1_189' title='bbox 997 3346 1264 3411; x_wconf 87' lang='lat' dir='ltr'><strong>misericorditer</strong></span> 
     </span>
     <span class='ocr_line' id='line_1_30' title="bbox 313 3447 1265 3530; baseline -0.001 -21"><span class='ocrx_word' id='word_1_190' title='bbox 313 3449 491 3513; x_wconf 86' lang='lat' dir='ltr'><strong>revocavit</strong></span> <span class='ocrx_word' id='word_1_191' title='bbox 512 3455 547 3512; x_wconf 93' lang='lat' dir='ltr'><strong>et</strong></span> <span class='ocrx_word' id='word_1_192' title='bbox 569 3467 647 3511; x_wconf 93' lang='lat' dir='ltr'><strong>cum</strong></span> <span class='ocrx_word' id='word_1_193' title='bbox 678 3447 805 3529; x_wconf 90' lang='lat' dir='ltr'><strong>gaudio</strong></span> <span class='ocrx_word' id='word_1_194' title='bbox 830 3447 874 3510; x_wconf 97' lang='lat' dir='ltr'><strong>ad</strong></span> <span class='ocrx_word' id='word_1_195' title='bbox 900 3447 1057 3530; x_wconf 88' lang='lat' dir='ltr'><strong>proprias</strong></span> <span class='ocrx_word' id='word_1_196' title='bbox 1085 3447 1184 3510; x_wconf 90' lang='lat' dir='ltr'><strong>sedes</strong></span> <span class='ocrx_word' id='word_1_197' title='bbox 1210 3466 1265 3521; x_wconf 87' lang='lat' dir='ltr'><strong>re-</strong></span> 
     </span>
     <span class='ocr_line' id='line_1_31' title="bbox 313 3545 1264 3623; baseline -0.001 -14"><span class='ocrx_word' id='word_1_198' title='bbox 313 3549 417 3612; x_wconf 89' lang='lat' dir='ltr'><strong>misit.</strong></span> <span class='ocrx_word' id='word_1_199' title='bbox 464 3547 593 3610; x_wconf 91' lang='lat' dir='ltr'><strong>Eodem</strong></span> <span class='ocrx_word' id='word_1_200' title='bbox 621 3567 712 3610; x_wconf 92' lang='lat' dir='ltr'><strong>anno</strong></span> <span class='ocrx_word' id='word_1_201' title='bbox 737 3546 926 3623; x_wconf 90' lang='lat' dir='ltr'><strong>Robertus‚</strong></span> <span class='ocrx_word' id='word_1_202' title='bbox 944 3546 1017 3609; x_wconf 89' lang='lat' dir='ltr'><strong>dux</strong></span> <span class='ocrx_word' id='word_1_203' title='bbox 1042 3545 1264 3609; x_wconf 90' lang='lat' dir='ltr'><strong>Normanno·</strong></span> 
     </span>
     <span class='ocr_line' id='line_1_32' title="bbox 313 3645 1265 3728; baseline -0.001 -20"><span class='ocrx_word' id='word_1_204' title='bbox 313 3668 400 3724; x_wconf 91' lang='lat' dir='ltr'><strong>rum,</strong></span> <span class='ocrx_word' id='word_1_205' title='bbox 431 3667 538 3710; x_wconf 89' lang='lat' dir='ltr'><strong>causa</strong></span> <span class='ocrx_word' id='word_1_206' title='bbox 570 3646 688 3710; x_wconf 90' lang='lat' dir='ltr'><strong>fratris</strong></span> <span class='ocrx_word' id='word_1_207' title='bbox 720 3647 773 3709; x_wconf 93' lang='lat' dir='ltr'><strong>sui</strong></span> <span class='ocrx_word' id='word_1_208' title='bbox 810 3653 846 3710; x_wconf 93' lang='lat' dir='ltr'><strong>et</strong></span> <span class='ocrx_word' id='word_1_209' title='bbox 877 3647 968 3728; x_wconf 86' lang='lat' dir='ltr'><strong>regis</strong></span> <span class='ocrx_word' id='word_1_210' title='bbox 1001 3647 1166 3721; x_wconf 86' lang='lat' dir='ltr'><strong>versutia,</strong></span> <span class='ocrx_word' id='word_1_211' title='bbox 1197 3645 1265 3708; x_wconf 92' lang='lat' dir='ltr'><strong>tria</strong></span> 
     </span>
     <span class='ocr_line' id='line_1_33' title="bbox 313 3744 1265 3828; baseline -0.003 -19"><span class='ocrx_word' id='word_1_212' title='bbox 313 3746 421 3810; x_wconf 91' lang='lat' dir='ltr'><strong>millia</strong></span> <span class='ocrx_word' id='word_1_213' title='bbox 434 3765 569 3810; x_wconf 90' lang='lat' dir='ltr'><strong>marcas</strong></span> <span class='ocrx_word' id='word_1_214' title='bbox 585 3746 734 3826; x_wconf 88' lang='lat' dir='ltr'><strong>argenti,</strong></span> <span class='ocrx_word' id='word_1_215' title='bbox 752 3765 840 3828; x_wconf 85' lang='lat' dir='ltr'><strong>quas</strong></span> <span class='ocrx_word' id='word_1_216' title='bbox 858 3766 918 3809; x_wconf 86' lang='lat' dir='ltr'><strong>rex</strong></span> <span class='ocrx_word' id='word_1_217' title='bbox 934 3745 986 3808; x_wconf 91' lang='lat' dir='ltr'><strong>illi</strong></span> <span class='ocrx_word' id='word_1_218' title='bbox 1000 3744 1147 3826; x_wconf 89' lang='lat' dir='ltr'><strong>singulis</strong></span> <span class='ocrx_word' id='word_1_219' title='bbox 1165 3745 1265 3807; x_wconf 92' lang='lat' dir='ltr'><strong>annis</strong></span> 
     </span>
    </p>
   </div>
   <div class='ocr_carea' id='block_1_4' title="bbox 313 3845 761 3923">
    <p class='ocr_par' dir='ltr' id='par_1_4' title="bbox 313 3845 761 3923">
     <span class='ocr_line' id='line_1_34' title="bbox 313 3845 761 3923; baseline 0.002 -15"><span class='ocrx_word' id='word_1_220' title='bbox 313 3846 520 3923; x_wconf 88' lang='lat' dir='ltr'><strong>reddiderat,</strong></span> <span class='ocrx_word' id='word_1_221' title='bbox 537 3845 761 3910; x_wconf 86' lang='lat' dir='ltr'><strong>condonavit.</strong></span> 
     </span>
    </p>
   </div>
   <div class='ocr_carea' id='block_1_5' title="bbox 312 4067 1250 4201">
    <p class='ocr_par' dir='ltr' id='par_1_5' title="bbox 312 4067 1250 4201">
     <span class='ocr_line' id='line_1_35' title="bbox 312 4067 1250 4189; baseline 0.002 -69"><span class='ocrx_word' id='word_1_222' title='bbox 312 4140 335 4188; x_wconf 74' lang='grc' dir='ltr'><strong>Α</strong></span> <span class='ocrx_word' id='word_1_223' title='bbox 349 4068 464 4189; x_wconf 54' lang='lat' dir='ltr'><strong>&#39;lliomgpr</strong></span> <span class='ocrx_word' id='word_1_224' title='bbox 469 4073 604 4137; x_wconf 75' lang='lat' dir='ltr'><strong>perrexit]</strong></span> <span class='ocrx_word' id='word_1_225' title='bbox 616 4073 658 4122; x_wconf 89' lang='lat' dir='ltr'><strong>On</strong></span> <span class='ocrx_word' id='word_1_226' title='bbox 664 4071 706 4121; x_wconf 86' lang='lat' dir='ltr'><strong>the</strong></span> <span class='ocrx_word' id='word_1_227' title='bbox 714 4071 775 4121; x_wconf 72' lang='lat' dir='ltr'><strong>arth</strong></span> <span class='ocrx_word' id='word_1_228' title='bbox 838 4068 1010 4134; x_wconf 76' lang='lat' dir='ltr'><strong>²Woreucct.]</strong></span> <span class='ocrx_word' id='word_1_229' title='bbox 1027 4067 1206 4135; x_wconf 59' lang='lat' dir='ltr'><strong>‘warewast’</strong></span> <span class='ocrx_word' id='word_1_230' title='bbox 1219 4073 1250 4122; x_wconf 81' lang='lat'><strong>0.</strong></span> 
     </span>
     <span class='ocr_line' id='line_1_36' title="bbox 338 4155 487 4201; baseline 0.02 -13"><span class='ocrx_word' id='word_1_231' title='bbox 338 4155 375 4201; x_wconf 85' lang='lat' dir='ltr'><strong>prr</strong></span> <span class='ocrx_word' id='word_1_232' title='bbox 396 4157 403 4199; x_wconf 74' lang='grc' dir='ltr'>ς</span> <span class='ocrx_word' id='word_1_233' title='bbox 451 4157 487 4191; x_wconf 88' lang='lat' dir='ltr'><strong>or.</strong></span> 
     </span>
    </p>
   </div>
   <div class='ocr_carea' id='block_1_6' title="bbox 0 0 1421 4882">
    <p class='ocr_par' dir='ltr' id='par_1_6' title="bbox 0 0 1421 4882">
     <span class='ocr_line' id='line_1_37' title="bbox 0 0 1421 4882; baseline 0 0"><span class='ocrx_word' id='word_1_234' title='bbox 0 0 1421 4882; x_wconf 95' lang='lat' dir='ltr'><strong> </strong></span> 
     </span>
    </p>
   </div>
  </div>
 </body>
</html>
