2820 4882
399 412 538 459 eronus
562 413 832 463 meronmuuu.
1014 402 1090 466 359*

126 588 201 632 mus
224 569 410 634 vindicare.
464 568 643 634 Noveritis
662 571 780 653 itaque
801 592 863 637 vos
884 575 1015 638 tamdiu
1032 577 1076 639 ab
1089 593 1211 635 annuc

125 669 314 750 episcopali
333 668 445 732 officio
468 671 651 733 commissa
671 672 769 735 nobis
790 690 811 734 a
831 672 908 736 Deo
927 675 1077 740 auctori·

125 774 198 831 tate
221 787 421 850 suspensos
445 769 554 833 donec
577 769 620 832 ad
643 770 758 834 sedem
785 773 1011 852 apostolicam
1033 775 1076 839 de

124 875 223 931 tanto
243 886 389 931 excessu
411 867 622 932 satisfacturi
645 869 829 945 accedatis
848 870 913 933 nisi
929 874 1075 954 praefato

124 965 383 1049 archiepiscopo
404 965 455 1030 ita
480 966 679 1031 satisfacere
701 969 917 1048 curaveritis,
940 979 979 1036 ut
1000 993 1075 1055 poe·

125 1084 206 1129 nam
223 1066 327 1130 istam
342 1067 417 1149 ipse
431 1066 566 1149 judicet
580 1066 828 1131 relaxandam?

173 1238 263 1319 Quod
274 1239 415 1304 ministri
432 1240 512 1326 rapis
529 1238 612 1304 beato
630 1240 750 1304 Tlomae
756 1248 979 1326 praeparant,
993 1249 1029 1305 at

290 1339 439 1424 epitomes
454 1337 723 1404 cccommuuicatos
736 1338 908 1405 absolueret.

177 1462 369 1544 Postquam
384 1470 501 1526 autern
518 1463 684 1541 Thomas,
698 1464 905 1528 venerabilis
921 1463 1074 1528 Cautua·
1087 1481 1201 1542 sorores
1210 1485 1237 1533 u

124 1562 248 1624 riensis
271 1562 562 1644 archiepiscopus,
585 1563 630 1626 ad
652 1562 833 1627 ecclesiam
857 1584 955 1628 suam
978 1559 1073 1628 ¹cum
1086 1532 1215 1622 {tillim

124 1679 253 1742 magna
276 1661 359 1724 cleri
383 1668 419 1725 et
442 1661 561 1744 populi
583 1662 765 1726 devotione
786 1672 969 1745 susceptus
993 1683 1072 1746 per·
1087 1632 1153 1672 ’Μ’

125 1761 234 1838 venit,
248 1760 343 1823 illum
362 1760 615 1824 incontinenter
625 1761 784 1825 adierunt
796 1762 888 1843 regis
900 1761 1076 1838 officiales,

125 1860 371 1923 denuntiantes
390 1880 436 1923 cx
456 1867 556 1942 parte
574 1860 683 1942 ipsius
705 1862 808 1941 regis,
828 1868 867 1925 ut
886 1879 1074 1944 suspensos

124 1961 308 2042 episcopos
340 1966 376 2024 et
408 1960 724 2024 excommunicatos
755 1960 961 2037 absolveret,
993 1961 1075 2042 quia

125 2059 289 2141 quicquid
321 2066 444 2123 contra
471 2077 531 2123 eos
556 2057 686 2122 sactum
712 2059 836 2136 fuerat,
860 2066 900 2124 ut
923 2058 1075 2136 aiebant,

125 2158 163 2221 in
182 2159 275 2239 regis
292 2157 508 2222 redundabat
527 2158 687 2241 iujuriam
708 2166 744 2223 et
762 2161 975 2222 eversionem
991 2178 1074 2222 con-

125 2257 347 2321 suetudinum
368 2257 489 2338 regni3
513 2259 637 2338 quibus
652 2257 830 2340 respondit
844 2258 1075 2340 archiepisco-

126 2376 205 2440 pus,
223 2356 315 2438 quod
332 2357 484 2438 episcopi
502 2358 802 2434 excommunicati,
819 2357 849 2420 si
865 2358 984 2441 jurare
1001 2358 1075 2421 vel·

128 2457 201 2521 lent
221 2457 258 2519 in
281 2455 392 2520 forma
409 2457 564 2520 ecclesiae
586 2476 624 2520 se
643 2457 807 2522 mandato
825 2456 953 2521 domini
974 2475 1075 2539 papae

125 2557 312 2639 parituros,
338 2556 412 2638 ipse
436 2575 499 2637 pro
524 2575 610 2637 pace
637 2557 792 2620 ecclesiae
819 2565 853 2620 et
880 2557 1075 2620 reverentia

126 2656 256 2719 domini
278 2655 371 2737 regis
394 2674 454 2719 eos
480 2656 697 2734 absolveret3
721 2656 814 2738 quod
840 2676 918 2719 cum
942 2657 1074 2739 episco-

126 2757 180 2838 pis
202 2754 399 2832 referretur,
415 2754 677 2836 responderunt,
693 2755 929 2839 juramentum
952 2755 1074 2837 hujus-

126 2854 232 2932 modi,
251 2854 377 2917 nisiex
392 2854 573 2918 voluntate
589 2854 692 2935 regie,
709 2874 747 2918 se
764 2874 832 2918 non
850 2854 973 2918 debere
987 2873 1076 2935 prae-

126 2961 230 3018 stare.
284 2953 330 3017 Et
347 2972 425 3016 cum
442 2954 547 3036 paulo
565 2960 644 3036 post
661 2953 940 3034 archiepiscopus
957 2952 1076 3015 tonde·

127 3060 179 3118 ret
194 3052 434 3117 adridendum
448 3052 571 3116 faciem
586 3053 667 3116 novi
681 3053 784 3133 regie,
799 3052 859 3132 qui
872 3059 954 3115 tunc
964 3045 1075 3133 ²apud

126 3150 364 3217 Woodstocke
379 3153 591 3228 morabatur,
606 3159 775 3216 venerunt
792 3151 836 3214 ad
853 3170 930 3213 eum
946 3144 1075 3213 ³nuntii

126 3252 237 3335 ipsius
255 3252 347 3333 regis
368 3252 613 3316 interdicentes
629 3271 674 3315 ex
694 3258 792 3333 parte
814 3250 903 3334 ejus
924 3249 1077 3313 neultra

162 3426 170 3458 ¹
182 3429 245 3477 Cam
256 3442 344 3489 magna
352 3426 411 3476 cleri
421 3432 446 3476 et
453 3427 537 3491 populi
548 3428 589 3476 de·
614 3428 700 3476 «lictus
711 3428 755 3488 qui
765 3426 867 3475 venitin
878 3427 976 3475 nornine
988 3425 1078 3473 Domi-

125 3499 220 3547 cotionc
236 3498 381 3561 susceptu]
392 3497 446 3546 The
457 3498 588 3558 following
614 3497 660 3546 ni!
683 3497 832 3546 Sacerdotes
843 3495 919 3545 etiam
930 3494 1076 3558 parochiani

127 3573 236 3617 account
250 3567 327 3616 olbis
344 3567 475 3627 entryinto
484 3567 589 3616 Canter-
614 3581 672 3615 oum
697 3566 858 3628 parochianis
881 3567 944 3626 suis,
960 3565 1076 3614 ordinata

127 3639 193 3699 bury
204 3639 227 3687 is
243 3637 321 3685 taken
337 3636 401 3686 t‘rom
417 3637 460 3684 the
478 3634 589 3688 Quadri·
614 3637 783 3697 processione,
793 3649 852 3684 cum
863 3636 982 3684 crucibus
993 3639 1074 3683 trans-

127 3707 217 3769 logus3
230 3707 417 3766 ‘Quacumque
428 3707 495 3753 enim
506 3710 588 3754 trans-
614 3706 684 3753 eunti
694 3707 794 3754 obviam
806 3705 921 3753 exierunt
930 3699 945 3762 ;‘
957 3719 983 3765 p.
996 3707 1053 3752 113.

128 3778 183 3825 ibat
210 3776 292 3824 turbae
314 3788 465 3837 pauperum,
487 3774 589 3836 parvuli
650 3770 743 3837 'Apud
759 3773 937 3836 Woodstoclce]
955 3772 1076 3820 lits-Ste-

127 3851 154 3894 et
170 3846 265 3908 magni,
281 3857 355 3894 senes
371 3858 430 3893 cum
445 3844 590 3906 junioribus
615 3843 682 3906 phen
702 3857 762 3904 says
778 3842 833 3891 that
849 3844 891 3891 the
911 3856 997 3903 young
1013 3841 1077 3901 king

124 3915 284 3977 glomeratim
295 3907 590 3976 occurrebantaliipro·
616 3928 670 3961 was
692 3913 752 3961 theu
775 3916 802 3960 at
821 3913 987 3960 Winohester.
1022 3910 1076 3958 The

128 3990 267 4035 sternentes
278 3999 306 4033 se
317 3985 401 4044 invia,
409 3983 454 4032 alii
462 3997 521 4032 vero
529 3996 590 4031 exu-
616 3987 670 4031 text
680 3981 779 4030 follows
792 3981 892 4042 niceto,
903 3982 952 4029 col.
964 3983 1022 4029 554.

128 4061 199 4105 entes
214 4056 364 4104 vestimenta
379 4067 428 4101 sua
444 4058 470 4101 et
483 4057 590 4114 proster-
651 4049 797 4113 'Nuntii.]
818 4049 964 4110 According
980 4054 1006 4097 to
1024 4048 1079 4097 Ho-

128 4131 216 4173 nentes
227 4125 360 4186 perviam,
371 4122 437 4171 illud
448 4123 591 4182 frequenter
617 4121 707 4182 reden,
717 4122 734 4171 J
736 4120 842 4184 osceliu,
851 4120 893 4170 the
908 4119 1012 4182 quecn's
1022 4120 1079 4167 bro·

129 4195 248 4244 iterantes
256 4198 282 4242 et
289 4193 500 4253 conclamantes,‘
510 4192 591 4240 Bene·
616 4192 680 4255 ther,
691 4205 717 4253 p.
729 4194 786 4239 521.
