2820 4882
316 378 383 440 444
568 396 703 443 sooner
728 398 779 444 nn<
797 397 1006 445 wunnovns

589 632 638 694 Da
654 639 747 695 morte
762 631 842 716 repis
855 631 999 694 Hearici.

369 752 449 817 Rex
474 753 649 818 Henricus
671 755 714 818 de
737 754 911 838 colloquio
932 760 1081 818 moestus
1097 755 1200 820 valde
1223 757 1268 820 ad

318 851 510 916 Chinonem
547 854 701 930 veniens,
740 854 838 934 gravi
880 860 996 918 tactus
1037 853 1270 932 incommodo,

317 945 514 1024 maledixit¹
542 951 611 1015 diei
638 953 674 1014 in
700 971 769 1032 quo
794 959 898 1016 natus
926 951 1064 1033 fuerat;
1096 960 1131 1017 et
1157 954 1267 1017 sicin
1352 1015 1353 1018 ,

318 1051 463 1132 angaria
484 1050 619 1132 positus
641 1049 733 1114 infra
755 1050 906 1114 triduum
936 1058 1017 1133 post
1047 1052 1267 1115 concordiam

317 1148 445 1212 sectam
474 1149 564 1212 diem
599 1148 725 1212 clausit
757 1156 962 1212 extremum.
1021 1149 1120 1213 Obiit
1148 1159 1266 1214 autem

300 1254 501 1330 ,postquam
541 1255 747 1328 regnaverat
784 1248 885 1311 annis
922 1248 1068 1330 triginta
1105 1250 1268 1330 quatuor,

317 1347 491 1409 mensibus
519 1353 663 1429 septem,
700 1347 819 1410 diebus
852 1347 1016 1429 quinque,
1044 1340 1102 1409 ²in
1130 1349 1265 1412 oetavis

316 1444 552 1526 apostolorum
571 1444 669 1509 Petri
686 1452 721 1509 et
740 1444 854 1508 Pauli.
899 1439 963 1508 ³In
977 1445 1129 1508 crastino
1145 1447 1265 1529 itaque

315 1562 394 1606 oum
427 1550 626 1626 portaretur
654 1544 974 1627 ad'sepeliendum,
999 1545 1096 1624 regio
1124 1544 1267 1609 indutus

316 1649 500 1724 apparatu,
518 1660 681 1706 coronam
696 1643 732 1705 in
750 1644 863 1725 capite
886 1662 1009 1724 gerens
1031 1662 1184 1720 auream,
1207 1645 1269 1708 ha·

241 1785 246 1796 .
316 1741 469 1823 horisque
502 1741 717 1806 chirothecas
748 1741 785 1805 in
823 1743 993 1819 manibus
1030 1742 1271 1807 calceamenta

317 1857 401 1903 auro
427 1847 594 1903 contexta
618 1841 655 1904 in
677 1840 834 1923 pedihus,
852 1840 1012 1917 calcaria,
1039 1842 1205 1904 annulum
1230 1843 1268 1905 in

318 1936 428 2018 digito
451 1940 592 2002 aureum
621 1940 714 2002 etin
737 1959 840 2002 manu
864 1947 1050 2021 sceptrum,
1073 1941 1268 2004 accinctus-

319 2056 396 2118 que*
412 2036 542 2118 gladio,
567 2038 821 2120 discoopertum
855 2037 986 2101 habens
1010 2038 1145 2102 vultum
1171 2040 1270 2122 Jace·

318 2136 391 2199 bat.
443 2134 546 2214 Quod
572 2156 650 2200 cum
678 2136 854 2201 Richardo
879 2136 950 2201 filio
977 2156 1041 2201 suo
1068 2139 1267 2202 nuntiatum

318 2233 453 2311 fuisset,
477 2234 682 2299 festinanter
701 2236 843 2299 eivenit
865 2235 1027 2315 obviam;
1053 2255 1122 2316 quo
1144 2256 1267 2319 super·

317 2333 489 2408 veniente,
512 2332 692 2397 confestim
720 2334 884 2398 manavit
901 2335 1045 2416 sangnis
1063 2354 1109 2396 ex
1126 2335 1268 2399 naribus

317 2431 410 2512 regis
429 2431 595 2509 defuncti,
609 2434 659 2496 ‘ac
686 2432 717 2495 si
745 2432 984 2513 indignaretur
1008 2433 1151 2515 spiritus
1175 2436 1268 2516 regis

318 2530 356 2605 in
387 2530 537 2592 adventu
567 2530 655 2612 ejus,
686 2532 747 2611 qui
774 2531 895 2594 mortis
923 2531 1033 2613 ipsius
1058 2550 1165 2594 causa
1190 2552 1267 2596 esse

318 2627 542 2705 credebatur3
567 2628 658 2709 quod
676 2629 797 2692 videns
814 2646 928 2692 comes
946 2629 1144 2691 Richardus
1169 2649 1265 2694 ama-

318 2725 451 2787 rissime
476 2725 558 2788 flere
581 2725 700 2808 coepit,
726 2734 762 2791 et
785 2726 1019 2790 inaestimabili
1043 2729 1267 2808 perturbatus

317 2823 481 2905 angustia
520 2843 630 2906 usque
671 2825 715 2888 ad
750 2825 1068 2890 Fontem-Ebraudi
1103 2825 1265 2891 feretrum

318 2941 466 3005 sequens
504 2942 629 3005 corpus
666 2925 776 3005 patris
814 2924 880 2999 sui,
920 2925 964 2988 ab
998 2924 1267 3008 archiepiscopis

317 3021 514 3085 Turonensi
533 3029 569 3086 et
587 3023 793 3086 Treverensi
814 3022 940 3086 divinis
966 3023 1155 3086 celebratis¹
1171 3043 1266 3106 mys-

318 3121 425 3197 teriis,
454 3120 537 3184 fecit
565 3121 751 3184 honorifice
782 3120 958 3184 tumulari.
1026 3121 1072 3184 Et
1103 3123 1267 3202 quoniam

317 3219 406 3283 idem
422 3238 484 3281 rex
498 3219 611 3282 adhuc
630 3220 751 3283 vivens
769 3238 863 3301 saepe
888 3219 1001 3282 dicere
1027 3229 1267 3298 consueverat,

318 3319 432 3381 orbem
464 3318 663 3381 universum
696 3319 755 3380 uni
780 3337 850 3381 non
876 3316 1032 3381 sufficere
1054 3317 1177 3381 dehere
1203 3340 1266 3401 pro

317 3424 400 3481 voto
417 3417 576 3499 principi,
593 3416 773 3497 inscriptio
790 3415 884 3479 illius
899 3417 1023 3480 tumuli
1040 3417 1121 3480 talis
1138 3427 1235 3497 erat;

376 3607 460 3664 ‘Rex
475 3607 618 3664 Hernicus
632 3626 718 3676 eram,
732 3607 802 3664 mihi
816 3607 936 3683 plurima
950 3624 1039 3682 regna
1052 3605 1160 3680 subegi,

436 3701 647 3779 Multiplicique
661 3702 755 3772 modo,
770 3702 881 3778 duxque
896 3720 1046 3777 comesque
1058 3701 1111 3758 fui.

351 3919 505 3970 ¹Mcledixit
521 3919 570 3968 diei
592 3919 619 3966 in
640 3934 686 3982 quo
707 3924 780 3968 natus
839 3917 1270 3981 'IcortcoiscportolcrumPetriet

309 3992 418 4054 suerat]
437 3991 478 4038 He
489 3988 599 4037 invoked
610 3989 652 4036 the
664 4003 738 4037 curse
753 3989 783 4037 of
805 3989 902 4051 Pauli]
919 3988 973 4036 The
984 3989 1027 4036 oth
1040 3988 1069 4036 of
1075 3987 1148 4047 July.

316 4061 374 4110 God
386 4076 452 4120 upon
470 4059 510 4108 his
527 4073 586 4107 sons
600 4059 663 4120 also,
678 4058 778 4108 accord·
842 4055 887 4105 ³1²1
898 4053 1033 4124 ermtina]
1058 4057 1188 4108 Benediet.
1200 4057 1268 4109 Abb.

316 4131 360 4190 ing
371 4134 396 4177 to
409 4129 541 4189 Hoi'eden,
552 4143 577 4189 p.
587 4132 644 4177 654.
803 4142 829 4189 p.
842 4131 899 4176 547.
