2820 4882
174 587 193 626 A
204 587 231 626 D.
241 585 297 625 uta.

174 615 319 686 menoare.

175 688 217 727 Am

334 390 400 457 392
590 397 725 457 uocum
749 408 797 455 nu
819 407 1027 457 wuuuovnn

334 566 551 630 interessent.
608 564 686 629 lllis
717 573 879 630 eventum
910 565 961 629 rei
990 548 1287 648 praestolantibus,

218 686 429 750 puarmsaepe
456 665 571 730 dictus
593 664 696 728 homo
723 665 953 766 praecedebat,
981 664 1147 729 fratribus
1173 663 1287 746 plani-

336 768 419 831 tiem
442 764 627 831 ostendens
649 772 848 828 sanctorum
872 784 1018 848 corpora
1039 765 1286 829 continentem.

337 867 424 930 Erat
447 873 563 930 antem
586 864 796 944 leriaisexta
816 872 897 929 ante
919 865 1173 929 solemnitatem
1194 862 1289 926 beati

337 965 467 1031 Albani
500 965 639 1047 qnando
671 964 746 1028 haec
777 963 872 1028 facta
903 970 997 1042 sunt,
1029 982 1099 1046 qna
1132 961 1289 1047 ejusdem

337 1066 451 1131 sancti
464 1065 581 1148 passio
598 1065 803 1129 celebratur.
841 1062 899 1128 Ab
915 1064 974 1128 illo
992 1084 1076 1145 ergo
1091 1063 1159 1140 die,
1175 1080 1288 1146 usque

337 1179 407 1248 qno
423 1164 550 1230 elevati
563 1163 701 1228 fuerunt
717 1163 842 1240 sancti,
863 1162 941 1228 loco
962 1163 1014 1227 illi
1036 1163 1196 1228 custodia
1217 1181 1289 1226 non

337 1265 458 1342 defuit,
474 1256 541 1328 sed
560 1264 685 1328 sratres
706 1262 840 1347 jugiter
861 1283 940 1326 cum
964 1263 1063 1328 laicis
1090 1262 1288 1327 adsuerunt.

338 1364 540 1430 Conventus
572 1364 710 1428 interim
740 1363 989 1428 continentiam
1020 1364 1103 1428 vitae
1134 1362 1291 1444 suscepit

338 1465 509 1542 arctioris,
522 1471 571 1552 et,
588 1471 722 1529 statuto
743 1482 821 1527 cum
847 1463 1065 1545 processione
1091 1463 1289 1528 orationum

337 1565 515 1646 suffragio,
539 1564 692 1629 solemne
712 1562 883 1646 jejunium
909 1564 1040 1646 populo
1067 1563 1289 1647 praedicatur.
1364 1618 1367 1624 .

337 1664 361 1729 J
364 1685 419 1728 am
447 1665 544 1728 locus
580 1663 640 1728 ille
667 1663 793 1727 futurae
818 1663 1029 1727 inventionis
1056 1651 1290 1728 nundinarum

338 1763 598 1828 similitudinem
629 1763 847 1846 praelerebat,
874 1770 910 1827 et
932 1763 1172 1827 recedentibus
1199 1762 1290 1839 aliis,

338 1885 427 1948 quos
453 1864 569 1928 fervor
593 1863 789 1928 devotionis
817 1861 1024 1942 adduxerat,
1049 1863 1110 1928 alii
1135 1863 1291 1947 quotidie

338 1965 579 2030 succedebant.

345 2191 353 2198 .
404 2138 454 2202 Da
468 2134 589 2202 duobos
601 2135 783 2201 molaribus
796 2135 842 2201 ibi
857 2139 989 2215 caratis,
1006 2138 1081 2203 aaa
1095 2147 1220 2204 emotae

718 2245 913 2322 quareretur.

342 2375 351 2391 '
391 2359 502 2424 Porro
516 2360 695 2441 signorum
710 2359 822 2438 initia,
840 2380 918 2443 quae
932 2360 1045 2425 adhuc
1064 2361 1178 2426 sancti
1202 2379 1294 2425 mar-

341 2467 436 2543 tyres
458 2459 494 2522 in
519 2460 622 2524 corde
645 2466 747 2524 terrae
772 2460 922 2525 latentes
946 2461 983 2525 in
1003 2462 1195 2545 auspicium
1216 2463 1291 2543 spei

341 2559 492 2623 melioris
534 2560 732 2642 patrabant,
771 2561 957 2625 multorum
999 2568 1163 2644 poterunt
1192 2561 1292 2627 testi-

341 2652 457 2722 monio
485 2659 703 2739 confirmem
734 2661 859 2725 mulier
888 2662 1223 2743 namquequaedam
1249 2662 1294 2726 de

343 2757 554 2837 Gatesdene,
577 2760 797 2842 scapularum
820 2768 855 2825 et
883 2781 1002 2825 renum
1027 2760 1206 2826 debilitate
1230 2781 1295 2844 per

343 2858 459 2922 decem
492 2878 601 2924 annos
633 2859 784 2938 detenta,
813 2859 888 2944 jam
910 2868 1052 2944 propter
1073 2863 1293 2944 aegritudinis

344 2958 590 3041 turpitudinem
612 2960 737 3024 marito
761 2960 939 3043 despectui
964 2962 1176 3044 habebatur3
1201 2982 1293 3047 quae,

342 3059 500 3141 proprios
523 3078 663 3142 egressa
678 3059 765 3124 fines
787 3068 823 3124 et
845 3081 907 3143 per
923 3060 1160 3126 Redburniam
1179 3070 1294 3127 trans-

343 3159 429 3222 itum
459 3159 603 3236 saoiens,
631 3159 738 3243 juxta
773 3168 971 3225 sanctornm
1002 3170 1193 3245 martyrum
1232 3163 1292 3226 de-

343 3258 462 3323 cubuit
495 3259 721 3342 sepulturam,
751 3279 815 3323 nec
844 3260 887 3325 de
909 3262 986 3326 looo
1008 3263 1161 3328 surrexit
1182 3264 1294 3329 donec

343 3359 487 3423 sanitati
510 3359 665 3442 pristinae
687 3359 898 3425 redderetur.
950 3361 1074 3426 Altera
1100 3362 1143 3427 de
1171 3364 1294 3428 Dune-

344 3459 484 3541 staplia,
501 3460 638 3523 nomine
656 3458 797 3536 Cecilia,
814 3459 850 3523 in
870 3460 1065 3545 hydropisis
1087 3464 1293 3545 aegritudine

344 3559 444 3622 annis
475 3559 623 3623 sedecim
655 3561 852 3638 transactis,
879 3562 1039 3626 habentis
1061 3562 1098 3626 in
1122 3571 1220 3628 utero
1244 3566 1293 3629 si·

343 3657 570 3723 militudinem
598 3660 828 3741 praeferebat3
857 3661 931 3727 haec
957 3662 1001 3726 ad
1025 3662 1103 3727 loca
1124 3664 1294 3746 praedicta

342 3777 418 3822 suae
441 3759 564 3823 salutis
586 3759 691 3823 avida
712 3761 917 3843 perveniens
941 3761 1034 3827 illico
1060 3771 1217 3847 optatam
1241 3784 1296 3829 re·
1378 3833 1380 3838 ,

344 3860 436 3942 cepit
451 3858 646 3924 sanitatem.
680 3860 770 3924 item
784 3861 901 3944 puella
917 3862 1197 3947 quinquennalia
1214 3885 1295 3949 quae

344 3979 520 4041 nunquam
547 3980 568 4023 a
594 3959 778 4025 nativitate
804 3961 910 4044 pedes
930 3963 1131 4042 incesserat,
1159 3983 1296 4049 semper

342 4065 526 4141 parentum
539 4060 728 4124 ministerio
745 4063 966 4144 portabatur;
985 4063 1072 4141 haec,
1083 4065 1176 4148 quod
1194 4067 1296 4133 multi

341 4158 496 4223 fidelium
512 4169 779 4244 conspexerunt,
794 4161 900 4245 juxta
922 4163 1034 4227 locum
1058 4172 1295 4247 praetaxatum
