<?xml version="1.0" encoding="UTF-8"?>
<!DOCTYPE html PUBLIC "-//W3C//DTD XHTML 1.0 Transitional//EN"
    "http://www.w3.org/TR/xhtml1/DTD/xhtml1-transitional.dtd">
<html xmlns="http://www.w3.org/1999/xhtml" xml:lang="en" lang="en">
 <head>
  <title>
</title>
<meta http-equiv="Content-Type" content="text/html;charset=utf-8" />
  <meta name='ocr-system' content='tesseract 3.04.00' />
  <meta name='ocr-capabilities' content='ocr_page ocr_carea ocr_par ocr_line ocrx_word'/>
</head>
<body>
  <div class='ocr_page' id='page_1' title='image "./rogeridewendove01rogegoog_0100.png"; bbox 0 0 2820 4882; ppageno 0'>
   <div class='ocr_carea' id='block_1_1' title="bbox 416 382 1110 447">
    <p class='ocr_par' dir='ltr' id='par_1_1' title="bbox 416 382 1110 447">
     <span class='ocr_line' id='line_1_1' title="bbox 416 382 1110 447; baseline 0.009 -6"><span class='ocrx_word' id='word_1_1' title='bbox 416 392 558 441; x_wconf 70' lang='lat' dir='ltr'><strong>riorus</strong></span> <span class='ocrx_word' id='word_1_2' title='bbox 579 392 851 443; x_wconf 64' lang='lat' dir='ltr'><strong>urs-roriston.</strong></span> <span class='ocrx_word' id='word_1_3' title='bbox 1065 382 1110 447; x_wconf 86' lang='grc'><strong>89</strong></span> 
     </span>
    </p>
   </div>
   <div class='ocr_carea' id='block_1_2' title="bbox 158 549 1273 932">
    <p class='ocr_par' dir='ltr' id='par_1_2' title="bbox 158 549 1273 837">
     <span class='ocr_line' id='line_1_2' title="bbox 158 549 1247 633; baseline 0 -19"><span class='ocrx_word' id='word_1_4' title='bbox 158 551 271 633; x_wconf 82' lang='lat' dir='ltr'><strong>itaque</strong></span> <span class='ocrx_word' id='word_1_5' title='bbox 304 550 372 614; x_wconf 91' lang='lat' dir='ltr'><strong>hoc</strong></span> <span class='ocrx_word' id='word_1_6' title='bbox 404 551 563 633; x_wconf 80' lang='lat' dir='ltr'><strong>praelium</strong></span> <span class='ocrx_word' id='word_1_7' title='bbox 590 550 646 614; x_wconf 89' lang='lat' dir='ltr'><strong>die</strong></span> <span class='ocrx_word' id='word_1_8' title='bbox 671 549 897 615; x_wconf 86' lang='lat' dir='ltr'><strong>kalendarum</strong></span> <span class='ocrx_word' id='word_1_9' title='bbox 921 551 1108 630; x_wconf 74' lang='lat' dir='ltr'><strong>Iuliarum,</strong></span> <span class='ocrx_word' id='word_1_10' title='bbox 1123 575 1247 618; x_wconf 54' lang='lat' dir='ltr'><strong>soum.</strong></span> 
     </span>
     <span class='ocr_line' id='line_1_3' title="bbox 158 626 1273 733; baseline 0.006 -20"><span class='ocrx_word' id='word_1_11' title='bbox 158 670 274 733; x_wconf 78' lang='lat' dir='ltr'><strong>pugna</strong></span> <span class='ocrx_word' id='word_1_12' title='bbox 296 651 447 714; x_wconf 88' lang='lat' dir='ltr'><strong>multum</strong></span> <span class='ocrx_word' id='word_1_13' title='bbox 464 651 635 727; x_wconf 85' lang='lat' dir='ltr'><strong>dissimili,</strong></span> <span class='ocrx_word' id='word_1_14' title='bbox 656 671 736 715; x_wconf 91' lang='lat' dir='ltr'><strong>cum</strong></span> <span class='ocrx_word' id='word_1_15' title='bbox 757 652 951 716; x_wconf 66' lang='lat' dir='ltr'><strong>&#39;lurcorum</strong></span> <span class='ocrx_word' id='word_1_16' title='bbox 970 662 1108 717; x_wconf 90' lang='lat' dir='ltr'><strong>centnm</strong></span> <span class='ocrx_word' id='word_1_17' title='bbox 1121 626 1273 720; x_wconf 47' lang='lat' dir='ltr'><strong>{m</strong></span> 
     </span>
     <span class='ocr_line' id='line_1_4' title="bbox 159 750 1109 837; baseline 0.003 -23"><span class='ocrx_word' id='word_1_18' title='bbox 159 751 413 833; x_wconf 83' lang='lat' dir='ltr'><strong>quinquaginta</strong></span> <span class='ocrx_word' id='word_1_19' title='bbox 434 750 543 813; x_wconf 89' lang='lat' dir='ltr'><strong>millia</strong></span> <span class='ocrx_word' id='word_1_20' title='bbox 564 758 688 815; x_wconf 78' lang='lat' dir='ltr'><strong>eontm</strong></span> <span class='ocrx_word' id='word_1_21' title='bbox 704 750 923 816; x_wconf 87' lang='lat' dir='ltr'><strong>Christianos</strong></span> <span class='ocrx_word' id='word_1_22' title='bbox 937 755 1109 837; x_wconf 90' lang='lat' dir='ltr'><strong>qninqua-</strong></span> 
     </span>
    </p>

    <p class='ocr_par' dir='ltr' id='par_1_3' title="bbox 158 850 623 932">
     <span class='ocr_line' id='line_1_5' title="bbox 158 850 623 932; baseline 0 -18"><span class='ocrx_word' id='word_1_23' title='bbox 158 851 253 932; x_wconf 79' lang='lat' dir='ltr'><strong>ginta</strong></span> <span class='ocrx_word' id='word_1_24' title='bbox 269 851 381 914; x_wconf 86' lang='lat' dir='ltr'><strong>millia</strong></span> <span class='ocrx_word' id='word_1_25' title='bbox 394 850 623 914; x_wconf 77' lang='lat' dir='ltr'><strong>decertarent.</strong></span> 
     </span>
    </p>
   </div>
   <div class='ocr_carea' id='block_1_3' title="bbox 131 1027 1257 3920">
    <p class='ocr_par' dir='ltr' id='par_1_4' title="bbox 160 1027 1109 1212">
     <span class='ocr_line' id='line_1_6' title="bbox 160 1027 1109 1114; baseline 0.002 -26"><span class='ocrx_word' id='word_1_26' title='bbox 160 1027 204 1089; x_wconf 79' lang='lat' dir='ltr'><strong>De</strong></span> <span class='ocrx_word' id='word_1_27' title='bbox 216 1047 388 1114; x_wconf 66' lang='lat' dir='ltr'><strong>propresis</strong></span> <span class='ocrx_word' id='word_1_28' title='bbox 401 1027 639 1112; x_wconf 73' lang='lat' dir='ltr'><strong>perapriooram</strong></span> <span class='ocrx_word' id='word_1_29' title='bbox 659 1049 682 1090; x_wconf 86' lang='lat' dir='ltr'><strong>o</strong></span> <span class='ocrx_word' id='word_1_30' title='bbox 696 1027 810 1090; x_wconf 75' lang='lat' dir='ltr'><strong>Nicea</strong></span> <span class='ocrx_word' id='word_1_31' title='bbox 830 1047 924 1112; x_wconf 71' lang='lat' dir='ltr'><strong>esque</strong></span> <span class='ocrx_word' id='word_1_32' title='bbox 939 1027 987 1090; x_wconf 81' lang='lat' dir='ltr'><strong>ud</strong></span> <span class='ocrx_word' id='word_1_33' title='bbox 996 1028 1109 1091; x_wconf 69' lang='lat' dir='ltr'><strong>Aetio</strong></span> 
     </span>
     <span class='ocr_line' id='line_1_7' title="bbox 362 1125 896 1212; baseline -0.002 -22"><span class='ocrx_word' id='word_1_34' title='bbox 362 1127 466 1190; x_wconf 78' lang='lat' dir='ltr'><strong>chiam</strong></span> <span class='ocrx_word' id='word_1_35' title='bbox 479 1127 515 1190; x_wconf 79' lang='lat' dir='ltr'><strong>in</strong></span> <span class='ocrx_word' id='word_1_36' title='bbox 530 1125 702 1212; x_wconf 69' lang='lat' dir='ltr'><strong>ropionibus</strong></span> <span class='ocrx_word' id='word_1_37' title='bbox 716 1125 896 1212; x_wconf 58' lang='lat' dir='ltr'><strong>adjuyaris.</strong></span> 
     </span>
    </p>

    <p class='ocr_par' dir='ltr' id='par_1_5' title="bbox 131 1249 1257 3920">
     <span class='ocr_line' id='line_1_8' title="bbox 204 1249 1223 1333; baseline -0.001 -20"><span class='ocrx_word' id='word_1_38' title='bbox 204 1249 401 1333; x_wconf 89' lang='lat' dir='ltr'><strong>Postquam</strong></span> <span class='ocrx_word' id='word_1_39' title='bbox 427 1258 544 1314; x_wconf 86' lang='lat' dir='ltr'><strong>antem</strong></span> <span class='ocrx_word' id='word_1_40' title='bbox 567 1251 797 1332; x_wconf 89' lang='lat' dir='ltr'><strong>pertriduum</strong></span> <span class='ocrx_word' id='word_1_41' title='bbox 815 1271 959 1328; x_wconf 90' lang='lat' dir='ltr'><strong>moram,</strong></span> <span class='ocrx_word' id='word_1_42' title='bbox 979 1251 1045 1314; x_wconf 87' lang='lat' dir='ltr'><strong>sibi</strong></span> <span class='ocrx_word' id='word_1_43' title='bbox 1073 1259 1109 1314; x_wconf 90' lang='lat' dir='ltr'><strong>et</strong></span> <span class='ocrx_word' id='word_1_44' title='bbox 1122 1271 1223 1312; x_wconf 69' lang='lat' dir='ltr'><strong>sam</strong></span> 
     </span>
     <span class='ocr_line' id='line_1_9' title="bbox 159 1324 1257 1442; baseline -0.001 -28"><span class='ocrx_word' id='word_1_45' title='bbox 159 1351 254 1432; x_wconf 88' lang='lat' dir='ltr'><strong>equis</strong></span> <span class='ocrx_word' id='word_1_46' title='bbox 277 1351 521 1427; x_wconf 79' lang='lat' dir='ltr'><strong>necessariam,</strong></span> <span class='ocrx_word' id='word_1_47' title='bbox 541 1350 578 1412; x_wconf 92' lang='lat' dir='ltr'><strong>in</strong></span> <span class='ocrx_word' id='word_1_48' title='bbox 593 1349 670 1413; x_wconf 92' lang='lat' dir='ltr'><strong>loco</strong></span> <span class='ocrx_word' id='word_1_49' title='bbox 691 1350 890 1413; x_wconf 75' lang='lat' dir='ltr'><strong>certaminis</strong></span> <span class='ocrx_word' id='word_1_50' title='bbox 915 1352 1108 1442; x_wconf 68' lang='lat' dir='ltr'><strong>protranis-</strong></span> <span class='ocrx_word' id='word_1_51' title='bbox 1122 1324 1257 1364; x_wconf 53' lang='lat' dir='ltr'><strong>”m&#39;</strong></span> 
     </span>
     <span class='ocr_line' id='line_1_10' title="bbox 159 1443 1107 1527; baseline 0.002 -15"><span class='ocrx_word' id='word_1_52' title='bbox 159 1457 245 1527; x_wconf 92' lang='lat' dir='ltr'><strong>sent,</strong></span> <span class='ocrx_word' id='word_1_53' title='bbox 262 1450 361 1514; x_wconf 90' lang='lat' dir='ltr'><strong>lituis</strong></span> <span class='ocrx_word' id='word_1_54' title='bbox 380 1450 612 1527; x_wconf 77' lang='lat' dir='ltr'><strong>monentibus,</strong></span> <span class='ocrx_word' id='word_1_55' title='bbox 628 1468 666 1512; x_wconf 91' lang='lat' dir='ltr'><strong>se</strong></span> <span class='ocrx_word' id='word_1_56' title='bbox 681 1449 806 1512; x_wconf 87' lang='lat' dir='ltr'><strong>iterum</strong></span> <span class='ocrx_word' id='word_1_57' title='bbox 822 1443 883 1511; x_wconf 85' lang='lat' dir='ltr'><strong>¹ad</strong></span> <span class='ocrx_word' id='word_1_58' title='bbox 903 1450 971 1513; x_wconf 89' lang='lat' dir='ltr'><strong>iter</strong></span> <span class='ocrx_word' id='word_1_59' title='bbox 992 1450 1107 1514; x_wconf 89' lang='lat' dir='ltr'><strong>accin-</strong></span> 
     </span>
     <span class='ocr_line' id='line_1_11' title="bbox 158 1548 1108 1631; baseline 0.001 -19"><span class='ocrx_word' id='word_1_60' title='bbox 158 1556 256 1630; x_wconf 82' lang='lat' dir='ltr'><strong>gunt,</strong></span> <span class='ocrx_word' id='word_1_61' title='bbox 279 1556 317 1613; x_wconf 92' lang='lat' dir='ltr'><strong>et</strong></span> <span class='ocrx_word' id='word_1_62' title='bbox 337 1558 538 1614; x_wconf 86' lang='lat' dir='ltr'><strong>transcursa</strong></span> <span class='ocrx_word' id='word_1_63' title='bbox 560 1548 727 1631; x_wconf 81' lang='lat' dir='ltr'><strong>Bithynia</strong></span> <span class='ocrx_word' id='word_1_64' title='bbox 747 1548 923 1625; x_wconf 87' lang='lat' dir='ltr'><strong>universa,</strong></span> <span class='ocrx_word' id='word_1_65' title='bbox 942 1548 1108 1613; x_wconf 82' lang='lat' dir='ltr'><strong>Pisidiam</strong></span> 
     </span>
     <span class='ocr_line' id='line_1_12' title="bbox 158 1648 1109 1730; baseline 0.001 -18"><span class='ocrx_word' id='word_1_66' title='bbox 158 1656 237 1712; x_wconf 92' lang='lat' dir='ltr'><strong>sunt</strong></span> <span class='ocrx_word' id='word_1_67' title='bbox 252 1649 424 1730; x_wconf 81' lang='lat' dir='ltr'><strong>ingressi3</strong></span> <span class='ocrx_word' id='word_1_68' title='bbox 447 1649 507 1712; x_wconf 89' lang='lat' dir='ltr'><strong>ubi</strong></span> <span class='ocrx_word' id='word_1_69' title='bbox 525 1668 609 1711; x_wconf 88' lang='lat' dir='ltr'><strong>casn</strong></span> <span class='ocrx_word' id='word_1_70' title='bbox 625 1649 662 1712; x_wconf 94' lang='lat' dir='ltr'><strong>in</strong></span> <span class='ocrx_word' id='word_1_71' title='bbox 679 1648 893 1730; x_wconf 84' lang='lat' dir='ltr'><strong>provinciam</strong></span> <span class='ocrx_word' id='word_1_72' title='bbox 908 1658 1060 1713; x_wconf 81' lang='lat' dir='ltr'><strong>arentem</strong></span> <span class='ocrx_word' id='word_1_73' title='bbox 1073 1659 1109 1713; x_wconf 86' lang='lat' dir='ltr'><strong>et</strong></span> 
     </span>
     <span class='ocr_line' id='line_1_13' title="bbox 158 1747 1108 1834; baseline -0.002 -21"><span class='ocrx_word' id='word_1_74' title='bbox 158 1751 364 1833; x_wconf 85' lang='lat' dir='ltr'><strong>inaquosam</strong></span> <span class='ocrx_word' id='word_1_75' title='bbox 381 1747 640 1824; x_wconf 72' lang='lat' dir='ltr'><strong>descendentes,</strong></span> <span class='ocrx_word' id='word_1_76' title='bbox 655 1748 782 1811; x_wconf 85' lang='lat' dir='ltr'><strong>ibidem</strong></span> <span class='ocrx_word' id='word_1_77' title='bbox 798 1749 922 1830; x_wconf 87' lang='lat' dir='ltr'><strong>positis</strong></span> <span class='ocrx_word' id='word_1_78' title='bbox 938 1747 1108 1834; x_wconf 90' lang='lat' dir='ltr'><strong>[castris],</strong></span> 
     </span>
     <span class='ocr_line' id='line_1_14' title="bbox 158 1846 1108 1932; baseline -0.002 -19"><span class='ocrx_word' id='word_1_79' title='bbox 158 1849 422 1932; x_wconf 85' lang='lat' dir='ltr'><strong>importunitate</strong></span> <span class='ocrx_word' id='word_1_80' title='bbox 438 1848 573 1911; x_wconf 88' lang='lat' dir='ltr'><strong>ardoris</strong></span> <span class='ocrx_word' id='word_1_81' title='bbox 583 1846 650 1929; x_wconf 89' lang='lat' dir='ltr'><strong>[et]</strong></span> <span class='ocrx_word' id='word_1_82' title='bbox 660 1848 822 1911; x_wconf 78' lang='lat' dir='ltr'><strong>molestia</strong></span> <span class='ocrx_word' id='word_1_83' title='bbox 836 1849 944 1930; x_wconf 85' lang='lat' dir='ltr'><strong>coepit</strong></span> <span class='ocrx_word' id='word_1_84' title='bbox 958 1848 1108 1931; x_wconf 90' lang='lat' dir='ltr'><strong>populus</strong></span> 
     </span>
     <span class='ocr_line' id='line_1_15' title="bbox 158 1947 1107 2031; baseline -0.003 -17"><span class='ocrx_word' id='word_1_85' title='bbox 158 1950 207 2014; x_wconf 90' lang='lat' dir='ltr'><strong>ita</strong></span> <span class='ocrx_word' id='word_1_86' title='bbox 223 1948 384 2025; x_wconf 89' lang='lat' dir='ltr'><strong>deficere,</strong></span> <span class='ocrx_word' id='word_1_87' title='bbox 399 1955 439 2011; x_wconf 92' lang='lat' dir='ltr'><strong>ut</strong></span> <span class='ocrx_word' id='word_1_88' title='bbox 457 1947 642 2030; x_wconf 88' lang='lat' dir='ltr'><strong>plusquam</strong></span> <span class='ocrx_word' id='word_1_89' title='bbox 664 1947 845 2029; x_wconf 79' lang='lat' dir='ltr'><strong>quingenti</strong></span> <span class='ocrx_word' id='word_1_90' title='bbox 865 1949 1026 2031; x_wconf 85' lang='lat' dir='ltr'><strong>spiritum</strong></span> <span class='ocrx_word' id='word_1_91' title='bbox 1045 1968 1107 2011; x_wconf 86' lang='lat' dir='ltr'><strong>ex-</strong></span> 
     </span>
     <span class='ocr_line' id='line_1_16' title="bbox 159 2047 1108 2129; baseline -0.001 -17"><span class='ocrx_word' id='word_1_92' title='bbox 159 2049 339 2125; x_wconf 79' lang='lat' dir='ltr'><strong>halarent3</strong></span> <span class='ocrx_word' id='word_1_93' title='bbox 366 2047 505 2110; x_wconf 87' lang='lat' dir='ltr'><strong>tandem</strong></span> <span class='ocrx_word' id='word_1_94' title='bbox 526 2047 580 2110; x_wconf 91' lang='lat' dir='ltr'><strong>his</strong></span> <span class='ocrx_word' id='word_1_95' title='bbox 603 2047 713 2128; x_wconf 83' lang='lat' dir='ltr'><strong>erepti</strong></span> <span class='ocrx_word' id='word_1_96' title='bbox 736 2047 897 2129; x_wconf 87' lang='lat' dir='ltr'><strong>periculis</strong></span> <span class='ocrx_word' id='word_1_97' title='bbox 921 2047 1108 2111; x_wconf 90' lang='lat' dir='ltr'><strong>descende·</strong></span> 
     </span>
     <span class='ocr_line' id='line_1_17' title="bbox 157 2145 1109 2229; baseline -0.002 -17"><span class='ocrx_word' id='word_1_98' title='bbox 157 2157 237 2213; x_wconf 91' lang='lat' dir='ltr'><strong>runt</strong></span> <span class='ocrx_word' id='word_1_99' title='bbox 260 2149 297 2211; x_wconf 89' lang='lat' dir='ltr'><strong>in</strong></span> <span class='ocrx_word' id='word_1_100' title='bbox 317 2148 492 2228; x_wconf 87' lang='lat' dir='ltr'><strong>regionem</strong></span> <span class='ocrx_word' id='word_1_101' title='bbox 518 2146 738 2224; x_wconf 87' lang='lat' dir='ltr'><strong>uberrimam,</strong></span> <span class='ocrx_word' id='word_1_102' title='bbox 757 2147 865 2229; x_wconf 85' lang='lat' dir='ltr'><strong>juxta</strong></span> <span class='ocrx_word' id='word_1_103' title='bbox 887 2145 1109 2210; x_wconf 88' lang='lat' dir='ltr'><strong>Antiochiam</strong></span> 
     </span>
     <span class='ocr_line' id='line_1_18' title="bbox 157 2246 1109 2329; baseline -0.003 -16"><span class='ocrx_word' id='word_1_104' title='bbox 157 2251 336 2323; x_wconf 90' lang='lat' dir='ltr'><strong>minorem,</strong></span> <span class='ocrx_word' id='word_1_105' title='bbox 359 2267 437 2329; x_wconf 87' lang='lat' dir='ltr'><strong>quae</strong></span> <span class='ocrx_word' id='word_1_106' title='bbox 458 2246 599 2310; x_wconf 85' lang='lat' dir='ltr'><strong>Pisidiae</strong></span> <span class='ocrx_word' id='word_1_107' title='bbox 617 2247 817 2329; x_wconf 88' lang='lat' dir='ltr'><strong>metropolis</strong></span> <span class='ocrx_word' id='word_1_108' title='bbox 839 2253 905 2310; x_wconf 89' lang='lat' dir='ltr'><strong>est.</strong></span> <span class='ocrx_word' id='word_1_109' title='bbox 957 2246 1109 2310; x_wconf 83' lang='lat' dir='ltr'><strong>Exhinc</strong></span> 
     </span>
     <span class='ocr_line' id='line_1_19' title="bbox 157 2346 1109 2433; baseline -0.003 -21"><span class='ocrx_word' id='word_1_110' title='bbox 157 2368 297 2433; x_wconf 90' lang='lat' dir='ltr'><strong>qnoque</strong></span> <span class='ocrx_word' id='word_1_111' title='bbox 313 2355 446 2411; x_wconf 87' lang='lat' dir='ltr'><strong>turmas</strong></span> <span class='ocrx_word' id='word_1_112' title='bbox 454 2366 543 2410; x_wconf 84' lang='lat' dir='ltr'><strong>suas</strong></span> <span class='ocrx_word' id='word_1_113' title='bbox 559 2346 754 2410; x_wconf 86' lang='lat' dir='ltr'><strong>dividentes</strong></span> <span class='ocrx_word' id='word_1_114' title='bbox 772 2346 919 2428; x_wconf 90' lang='lat' dir='ltr'><strong>dispersi</strong></span> <span class='ocrx_word' id='word_1_115' title='bbox 944 2354 1025 2410; x_wconf 91' lang='lat' dir='ltr'><strong>sunt</strong></span> <span class='ocrx_word' id='word_1_116' title='bbox 1046 2366 1109 2429; x_wconf 89' lang='lat' dir='ltr'><strong>per</strong></span> 
     </span>
     <span class='ocr_line' id='line_1_20' title="bbox 157 2446 1108 2538; baseline -0.004 -24"><span class='ocrx_word' id='word_1_117' title='bbox 157 2449 367 2532; x_wconf 86' lang='lat' dir='ltr'><strong>provincias,</strong></span> <span class='ocrx_word' id='word_1_118' title='bbox 388 2455 429 2512; x_wconf 91' lang='lat' dir='ltr'><strong>ut</strong></span> <span class='ocrx_word' id='word_1_119' title='bbox 457 2465 516 2510; x_wconf 86' lang='lat' dir='ltr'><strong>eas</strong></span> <span class='ocrx_word' id='word_1_120' title='bbox 539 2446 772 2529; x_wconf 83' lang='lat' dir='ltr'><strong>explorarent,</strong></span> <span class='ocrx_word' id='word_1_121' title='bbox 798 2465 869 2529; x_wconf 90' lang='lat' dir='ltr'><strong>quo</strong></span> <span class='ocrx_word' id='word_1_122' title='bbox 897 2453 1039 2528; x_wconf 88' lang='lat' dir='ltr'><strong>possent</strong></span> <span class='ocrx_word' id='word_1_123' title='bbox 1064 2447 1108 2538; x_wconf 81' lang='lat' dir='ltr'><strong>ad</strong></span> 
     </span>
     <span class='ocr_line' id='line_1_21' title="bbox 157 2546 1109 2632; baseline -0.003 -20"><span class='ocrx_word' id='word_1_124' title='bbox 157 2549 332 2632; x_wconf 85' lang='lat' dir='ltr'><strong>principes</strong></span> <span class='ocrx_word' id='word_1_125' title='bbox 348 2566 467 2610; x_wconf 89' lang='lat' dir='ltr'><strong>earum</strong></span> <span class='ocrx_word' id='word_1_126' title='bbox 485 2546 636 2628; x_wconf 82' lang='lat' dir='ltr'><strong>perferre</strong></span> <span class='ocrx_word' id='word_1_127' title='bbox 650 2546 830 2625; x_wconf 82' lang='lat' dir='ltr'><strong>notitiam3</strong></span> <span class='ocrx_word' id='word_1_128' title='bbox 862 2547 923 2628; x_wconf 89' lang='lat' dir='ltr'><strong>qui</strong></span> <span class='ocrx_word' id='word_1_129' title='bbox 944 2565 966 2609; x_wconf 89' lang='lat' dir='ltr'><strong>a</strong></span> <span class='ocrx_word' id='word_1_130' title='bbox 985 2547 1109 2610; x_wconf 89' lang='lat' dir='ltr'><strong>castris</strong></span> 
     </span>
     <span class='ocr_line' id='line_1_22' title="bbox 158 2645 1108 2728; baseline -0.004 -15"><span class='ocrx_word' id='word_1_131' title='bbox 158 2649 262 2714; x_wconf 84' lang='lat' dir='ltr'><strong>divisi</strong></span> <span class='ocrx_word' id='word_1_132' title='bbox 286 2646 507 2723; x_wconf 87' lang='lat' dir='ltr'><strong>Heracleam,</strong></span> <span class='ocrx_word' id='word_1_133' title='bbox 532 2645 717 2728; x_wconf 87' lang='lat' dir='ltr'><strong>Lycaoniae</strong></span> <span class='ocrx_word' id='word_1_134' title='bbox 740 2645 873 2723; x_wconf 92' lang='lat' dir='ltr'><strong>urbem,</strong></span> <span class='ocrx_word' id='word_1_135' title='bbox 898 2653 1108 2728; x_wconf 87' lang='lat' dir='ltr'><strong>praetercun-</strong></span> 
     </span>
     <span class='ocr_line' id='line_1_23' title="bbox 158 2745 1111 2829; baseline -0.005 -15"><span class='ocrx_word' id='word_1_136' title='bbox 158 2756 213 2814; x_wconf 92' lang='lat' dir='ltr'><strong>tes</strong></span> <span class='ocrx_word' id='word_1_137' title='bbox 247 2748 292 2812; x_wconf 89' lang='lat' dir='ltr'><strong>ad</strong></span> <span class='ocrx_word' id='word_1_138' title='bbox 325 2747 483 2811; x_wconf 92' lang='lat' dir='ltr'><strong>Iconium</strong></span> <span class='ocrx_word' id='word_1_139' title='bbox 521 2745 676 2829; x_wconf 88' lang='lat' dir='ltr'><strong>ejusdem</strong></span> <span class='ocrx_word' id='word_1_140' title='bbox 706 2746 858 2826; x_wconf 83' lang='lat' dir='ltr'><strong>regionis</strong></span> <span class='ocrx_word' id='word_1_141' title='bbox 894 2746 1111 2829; x_wconf 91' lang='lat' dir='ltr'><strong>metropolim</strong></span> 
     </span>
     <span class='ocr_line' id='line_1_24' title="bbox 158 2843 1110 2933; baseline -0.003 -20"><span class='ocrx_word' id='word_1_142' title='bbox 158 2854 403 2933; x_wconf 89' lang='lat' dir='ltr'><strong>pervenerunt,</strong></span> <span class='ocrx_word' id='word_1_143' title='bbox 425 2865 529 2930; x_wconf 90' lang='lat' dir='ltr'><strong>qnam</strong></span> <span class='ocrx_word' id='word_1_144' title='bbox 549 2844 644 2909; x_wconf 90' lang='lat' dir='ltr'><strong>omni</strong></span> <span class='ocrx_word' id='word_1_145' title='bbox 668 2843 863 2909; x_wconf 86' lang='lat' dir='ltr'><strong>habitatore</strong></span> <span class='ocrx_word' id='word_1_146' title='bbox 886 2865 1033 2910; x_wconf 84' lang='lat' dir='ltr'><strong>vacuam</strong></span> <span class='ocrx_word' id='word_1_147' title='bbox 1057 2847 1110 2910; x_wconf 90' lang='lat' dir='ltr'><strong>in·</strong></span> 
     </span>
     <span class='ocr_line' id='line_1_25' title="bbox 157 2943 1112 3026; baseline -0.003 -13"><span class='ocrx_word' id='word_1_148' title='bbox 157 2955 348 3026; x_wconf 88' lang='lat' dir='ltr'><strong>venerunt;</strong></span> <span class='ocrx_word' id='word_1_149' title='bbox 379 2945 485 3009; x_wconf 85' lang='lat' dir='ltr'><strong>Turci</strong></span> <span class='ocrx_word' id='word_1_150' title='bbox 502 2945 591 3008; x_wconf 92' lang='lat' dir='ltr'><strong>enim</strong></span> <span class='ocrx_word' id='word_1_151' title='bbox 613 2943 772 3009; x_wconf 66' lang='lat' dir='ltr'><strong>civiwtes</strong></span> <span class='ocrx_word' id='word_1_152' title='bbox 792 2951 828 3008; x_wconf 91' lang='lat' dir='ltr'><strong>et</strong></span> <span class='ocrx_word' id='word_1_153' title='bbox 848 2945 992 3010; x_wconf 84' lang='lat' dir='ltr'><strong>castella</strong></span> <span class='ocrx_word' id='word_1_154' title='bbox 1015 2946 1112 3011; x_wconf 88' lang='lat' dir='ltr'><strong>dese·</strong></span> 
     </span>
     <span class='ocr_line' id='line_1_26' title="bbox 159 3045 1110 3127; baseline -0.003 -14"><span class='ocrx_word' id='word_1_155' title='bbox 159 3056 289 3125; x_wconf 89' lang='lat' dir='ltr'><strong>rentes,</strong></span> <span class='ocrx_word' id='word_1_156' title='bbox 315 3046 455 3127; x_wconf 77' lang='lat' dir='ltr'><strong>cognito</strong></span> <span class='ocrx_word' id='word_1_157' title='bbox 481 3045 740 3126; x_wconf 80' lang='lat' dir='ltr'><strong>peregrinorum</strong></span> <span class='ocrx_word' id='word_1_158' title='bbox 768 3045 934 3123; x_wconf 89' lang='lat' dir='ltr'><strong>adventu,</strong></span> <span class='ocrx_word' id='word_1_159' title='bbox 957 3067 1026 3110; x_wconf 92' lang='lat' dir='ltr'><strong>nou</strong></span> <span class='ocrx_word' id='word_1_160' title='bbox 1048 3046 1110 3111; x_wconf 91' lang='lat' dir='ltr'><strong>ha·</strong></span> 
     </span>
     <span class='ocr_line' id='line_1_27' title="bbox 158 3143 1111 3227; baseline -0.003 -15"><span class='ocrx_word' id='word_1_161' title='bbox 158 3149 291 3212; x_wconf 89' lang='lat' dir='ltr'><strong>bebant</strong></span> <span class='ocrx_word' id='word_1_162' title='bbox 318 3145 478 3208; x_wconf 89' lang='lat' dir='ltr'><strong>fiduciam</strong></span> <span class='ocrx_word' id='word_1_163' title='bbox 509 3143 712 3222; x_wconf 85' lang='lat' dir='ltr'><strong>resistendi3</strong></span> <span class='ocrx_word' id='word_1_164' title='bbox 742 3144 890 3227; x_wconf 92' lang='lat' dir='ltr'><strong>indeque</strong></span> <span class='ocrx_word' id='word_1_165' title='bbox 922 3144 1111 3209; x_wconf 86' lang='lat' dir='ltr'><strong>Marasiam</strong></span> 
     </span>
     <span class='ocr_line' id='line_1_28' title="bbox 131 3242 1112 3325; baseline -0.003 -14"><span class='ocrx_word' id='word_1_166' title='bbox 131 3317 134 3321; x_wconf 59' lang='grc'>,</span> <span class='ocrx_word' id='word_1_167' title='bbox 158 3249 281 3312; x_wconf 90' lang='lat' dir='ltr'><strong>urbem</strong></span> <span class='ocrx_word' id='word_1_168' title='bbox 304 3251 536 3321; x_wconf 86' lang='lat' dir='ltr'><strong>transeuntes,</strong></span> <span class='ocrx_word' id='word_1_169' title='bbox 554 3242 711 3308; x_wconf 86' lang='lat' dir='ltr'><strong>Ciliciam</strong></span> <span class='ocrx_word' id='word_1_170' title='bbox 725 3251 808 3307; x_wconf 91' lang='lat' dir='ltr'><strong>suut</strong></span> <span class='ocrx_word' id='word_1_171' title='bbox 823 3244 982 3325; x_wconf 80' lang='lat' dir='ltr'><strong>ingressi.</strong></span> <span class='ocrx_word' id='word_1_172' title='bbox 1035 3244 1112 3308; x_wconf 91' lang='lat' dir='ltr'><strong>Ha-</strong></span> 
     </span>
     <span class='ocr_line' id='line_1_29' title="bbox 157 3343 1110 3426; baseline -0.004 -14"><span class='ocrx_word' id='word_1_173' title='bbox 157 3349 218 3412; x_wconf 91' lang='lat' dir='ltr'><strong>bet</strong></span> <span class='ocrx_word' id='word_1_174' title='bbox 232 3353 363 3410; x_wconf 88' lang='lat' dir='ltr'><strong>·autem</strong></span> <span class='ocrx_word' id='word_1_175' title='bbox 394 3344 517 3409; x_wconf 88' lang='lat' dir='ltr'><strong>Cilicia</strong></span> <span class='ocrx_word' id='word_1_176' title='bbox 549 3344 594 3407; x_wconf 89' lang='lat' dir='ltr'><strong>ab</strong></span> <span class='ocrx_word' id='word_1_177' title='bbox 626 3344 759 3406; x_wconf 89' lang='lat' dir='ltr'><strong>oriente</strong></span> <span class='ocrx_word' id='word_1_178' title='bbox 782 3343 1038 3426; x_wconf 87' lang='lat' dir='ltr'><strong>Coelo-syriam,</strong></span> <span class='ocrx_word' id='word_1_179' title='bbox 1067 3346 1110 3408; x_wconf 89' lang='lat' dir='ltr'><strong>ab</strong></span> 
     </span>
     <span class='ocr_line' id='line_1_30' title="bbox 158 3442 1110 3526; baseline -0.004 -15"><span class='ocrx_word' id='word_1_180' title='bbox 158 3447 339 3512; x_wconf 91' lang='lat' dir='ltr'><strong>occidente</strong></span> <span class='ocrx_word' id='word_1_181' title='bbox 363 3444 546 3520; x_wconf 84' lang='lat' dir='ltr'><strong>Isauriam,</strong></span> <span class='ocrx_word' id='word_1_182' title='bbox 569 3463 591 3507; x_wconf 90' lang='lat' dir='ltr'><strong>a</strong></span> <span class='ocrx_word' id='word_1_183' title='bbox 616 3443 852 3525; x_wconf 89' lang='lat' dir='ltr'><strong>septentrione</strong></span> <span class='ocrx_word' id='word_1_184' title='bbox 871 3442 961 3526; x_wconf 81' lang='lat' dir='ltr'><strong>juga</strong></span> <span class='ocrx_word' id='word_1_185' title='bbox 983 3445 1110 3508; x_wconf 88' lang='lat' dir='ltr'><strong>montis</strong></span> 
     </span>
     <span class='ocr_line' id='line_1_31' title="bbox 157 3542 1112 3626; baseline -0.004 -16"><span class='ocrx_word' id='word_1_186' title='bbox 157 3546 281 3624; x_wconf 83' lang='lat' dir='ltr'><strong>Tauri,</strong></span> <span class='ocrx_word' id='word_1_187' title='bbox 306 3546 351 3609; x_wconf 90' lang='lat' dir='ltr'><strong>ab</strong></span> <span class='ocrx_word' id='word_1_188' title='bbox 380 3550 499 3609; x_wconf 85' lang='lat' dir='ltr'><strong>austro</strong></span> <span class='ocrx_word' id='word_1_189' title='bbox 523 3544 710 3626; x_wconf 90' lang='lat' dir='ltr'><strong>Cyprioum</strong></span> <span class='ocrx_word' id='word_1_190' title='bbox 733 3562 848 3622; x_wconf 87' lang='lat' dir='ltr'><strong>mare;</strong></span> <span class='ocrx_word' id='word_1_191' title='bbox 879 3542 985 3607; x_wconf 88' lang='lat' dir='ltr'><strong>habet</strong></span> <span class='ocrx_word' id='word_1_192' title='bbox 1006 3545 1112 3607; x_wconf 87' lang='lat' dir='ltr'><strong>etiam</strong></span> 
     </span>
     <span class='ocr_line' id='line_1_32' title="bbox 157 3641 1110 3726; baseline -0.004 -16"><span class='ocrx_word' id='word_1_193' title='bbox 157 3647 247 3711; x_wconf 86' lang='lat' dir='ltr'><strong>duas</strong></span> <span class='ocrx_word' id='word_1_194' title='bbox 266 3647 368 3709; x_wconf 89' lang='lat' dir='ltr'><strong>urbes</strong></span> <span class='ocrx_word' id='word_1_195' title='bbox 390 3644 687 3726; x_wconf 77' lang='lat' dir='ltr'><strong>metropolitanae,</strong></span> <span class='ocrx_word' id='word_1_196' title='bbox 706 3641 914 3706; x_wconf 85' lang='lat' dir='ltr'><strong>Anavarzan</strong></span> <span class='ocrx_word' id='word_1_197' title='bbox 941 3650 977 3707; x_wconf 90' lang='lat' dir='ltr'><strong>et</strong></span> <span class='ocrx_word' id='word_1_198' title='bbox 998 3641 1110 3706; x_wconf 84' lang='lat' dir='ltr'><strong>Thar-</strong></span> 
     </span>
     <span class='ocr_line' id='line_1_33' title="bbox 159 3742 1111 3826; baseline -0.002 -16"><span class='ocrx_word' id='word_1_199' title='bbox 159 3767 251 3824; x_wconf 92' lang='lat' dir='ltr'><strong>sum,</strong></span> <span class='ocrx_word' id='word_1_200' title='bbox 272 3744 422 3809; x_wconf 87' lang='lat' dir='ltr'><strong>doctoris</strong></span> <span class='ocrx_word' id='word_1_201' title='bbox 443 3744 598 3826; x_wconf 84' lang='lat' dir='ltr'><strong>gentium</strong></span> <span class='ocrx_word' id='word_1_202' title='bbox 619 3742 723 3807; x_wconf 89' lang='lat' dir='ltr'><strong>Pauli</strong></span> <span class='ocrx_word' id='word_1_203' title='bbox 743 3742 860 3806; x_wconf 87' lang='lat' dir='ltr'><strong>natale</strong></span> <span class='ocrx_word' id='word_1_204' title='bbox 878 3743 1010 3821; x_wconf 90' lang='lat' dir='ltr'><strong>solum;</strong></span> <span class='ocrx_word' id='word_1_205' title='bbox 1038 3743 1111 3808; x_wconf 86' lang='lat' dir='ltr'><strong>haec</strong></span> 
     </span>
     <span class='ocr_line' id='line_1_34' title="bbox 156 3841 1111 3920; baseline -0.004 -10"><span class='ocrx_word' id='word_1_206' title='bbox 156 3847 284 3911; x_wconf 84' lang='lat' dir='ltr'><strong>civitas</strong></span> <span class='ocrx_word' id='word_1_207' title='bbox 300 3844 440 3908; x_wconf 87' lang='lat' dir='ltr'><strong>subdita</strong></span> <span class='ocrx_word' id='word_1_208' title='bbox 456 3851 509 3908; x_wconf 87' lang='lat' dir='ltr'><strong>est</strong></span> <span class='ocrx_word' id='word_1_209' title='bbox 524 3843 738 3920; x_wconf 90' lang='lat' dir='ltr'><strong>Baldewino,</strong></span> <span class='ocrx_word' id='word_1_210' title='bbox 760 3843 860 3906; x_wconf 85' lang='lat' dir='ltr'><strong>fratri</strong></span> <span class='ocrx_word' id='word_1_211' title='bbox 878 3843 976 3905; x_wconf 90' lang='lat' dir='ltr'><strong>ducis</strong></span> <span class='ocrx_word' id='word_1_212' title='bbox 995 3841 1111 3906; x_wconf 87' lang='lat' dir='ltr'><strong>Gode-</strong></span> 
     </span>
    </p>
   </div>
   <div class='ocr_carea' id='block_1_4' title="bbox 157 4059 1114 4263">
    <p class='ocr_par' dir='ltr' id='par_1_6' title="bbox 157 4059 1114 4263">
     <span class='ocr_line' id='line_1_35' title="bbox 194 4059 1114 4125; baseline -0.005 -11"><span class='ocrx_word' id='word_1_213' title='bbox 194 4062 465 4125; x_wconf 75' lang='lat' dir='ltr'><strong>¹Aditerecciagont.]</strong></span> <span class='ocrx_word' id='word_1_214' title='bbox 477 4061 620 4124; x_wconf 83' lang='lat' dir='ltr'><strong>‘&#39;lhejour-</strong></span> <span class='ocrx_word' id='word_1_215' title='bbox 647 4061 704 4110; x_wconf 84' lang='lat' dir='ltr'><strong>able</strong></span> <span class='ocrx_word' id='word_1_216' title='bbox 723 4059 789 4121; x_wconf 81' lang='lat' dir='ltr'><strong>light</strong></span> <span class='ocrx_word' id='word_1_217' title='bbox 807 4073 839 4106; x_wconf 90' lang='lat' dir='ltr'><strong>ou</strong></span> <span class='ocrx_word' id='word_1_218' title='bbox 859 4059 901 4107; x_wconf 88' lang='lat' dir='ltr'><strong>the</strong></span> <span class='ocrx_word' id='word_1_219' title='bbox 921 4059 1067 4121; x_wconf 78' lang='lat' dir='ltr'><strong>geography</strong></span> <span class='ocrx_word' id='word_1_220' title='bbox 1085 4060 1114 4109; x_wconf 86' lang='lat' dir='ltr'><strong>of</strong></span> 
     </span>
     <span class='ocr_line' id='line_1_36' title="bbox 157 4125 1111 4198; baseline -0.009 -12"><span class='ocrx_word' id='word_1_221' title='bbox 157 4151 208 4198; x_wconf 83' lang='lat' dir='ltr'><strong>ney</strong></span> <span class='ocrx_word' id='word_1_222' title='bbox 222 4135 253 4185; x_wconf 82' lang='lat' dir='ltr'><strong>of</strong></span> <span class='ocrx_word' id='word_1_223' title='bbox 266 4132 491 4184; x_wconf 78' lang='lat' dir='ltr'><strong>ColMacdonald</strong></span> <span class='ocrx_word' id='word_1_224' title='bbox 509 4133 622 4180; x_wconf 86' lang='lat' dir='ltr'><strong>Kinnear</strong></span> <span class='ocrx_word' id='word_1_225' title='bbox 647 4130 698 4179; x_wconf 88' lang='lat' dir='ltr'><strong>this</strong></span> <span class='ocrx_word' id='word_1_226' title='bbox 719 4129 805 4178; x_wconf 85' lang='lat' dir='ltr'><strong>march</strong></span> <span class='ocrx_word' id='word_1_227' title='bbox 833 4129 861 4177; x_wconf 84' lang='lat' dir='ltr'><strong>ol</strong></span> <span class='ocrx_word' id='word_1_228' title='bbox 885 4129 927 4178; x_wconf 90' lang='lat' dir='ltr'><strong>the</strong></span> <span class='ocrx_word' id='word_1_229' title='bbox 952 4125 1111 4178; x_wconf 81' lang='lat' dir='ltr'><strong>Orusaders.&#39;</strong></span> 
     </span>
     <span class='ocr_line' id='line_1_37' title="bbox 158 4199 1110 4263; baseline -0.009 -6"><span class='ocrx_word' id='word_1_230' title='bbox 158 4208 186 4256; x_wconf 91' lang='lat' dir='ltr'><strong>in</strong></span> <span class='ocrx_word' id='word_1_231' title='bbox 198 4206 265 4256; x_wconf 80' lang='lat' dir='ltr'><strong>Asia</strong></span> <span class='ocrx_word' id='word_1_232' title='bbox 282 4204 367 4252; x_wconf 90' lang='lat' dir='ltr'><strong>Minor</strong></span> <span class='ocrx_word' id='word_1_233' title='bbox 384 4202 478 4252; x_wconf 86' lang='lat' dir='ltr'><strong>tbrows</strong></span> <span class='ocrx_word' id='word_1_234' title='bbox 496 4202 622 4253; x_wconf 82' lang='lat' dir='ltr'><strong>cousider-</strong></span> <span class='ocrx_word' id='word_1_235' title='bbox 647 4200 852 4263; x_wconf 82' lang='lat' dir='ltr'><strong>Gibb.xi.p.60,</strong></span> <span class='ocrx_word' id='word_1_236' title='bbox 861 4204 919 4249; x_wconf 87' lang='lat' dir='ltr'><strong>note</strong></span> <span class='ocrx_word' id='word_1_237' title='bbox 929 4199 1008 4260; x_wconf 86' lang='lat' dir='ltr'><strong>bythe</strong></span> <span class='ocrx_word' id='word_1_238' title='bbox 1014 4200 1110 4249; x_wconf 86' lang='lat' dir='ltr'><strong>Editor.</strong></span> 
     </span>
    </p>
   </div>
   <div class='ocr_carea' id='block_1_5' title="bbox 0 0 1415 4882">
    <p class='ocr_par' dir='ltr' id='par_1_7' title="bbox 0 0 1415 4882">
     <span class='ocr_line' id='line_1_38' title="bbox 0 0 1415 4882; baseline 0 0"><span class='ocrx_word' id='word_1_239' title='bbox 0 0 1415 4882; x_wconf 95' lang='lat' dir='ltr'><strong> </strong></span> 
     </span>
    </p>
   </div>
  </div>
 </body>
</html>
