2820 4882
387 404 525 454 nuoans
548 405 820 454 nisvoarnnuu.
1009 391 1076 456 295

125 559 318 623 sessoribus
334 560 420 623 meis
435 559 674 637 vendicabam,
689 560 725 622 in
739 580 844 624 manu
861 560 989 625 domini
1006 564 1073 626 mei
1087 579 1142 620 au.
1153 581 1210 620 no.

125 659 217 740 regis
233 679 297 740 pro
312 679 368 722 me
382 667 418 722 et
430 660 689 722 successoribus
705 661 790 722 meis
808 661 843 722 in
866 669 1073 743 perpetuum

125 758 310 837 resignavi.
348 757 403 821 Sit
417 759 537 840 itaque
554 757 738 822 decaetero
757 758 904 822 liberum
920 753 1073 824 ¹m0uas·

124 856 212 920 terio
233 857 327 921 beati
351 855 481 920 Albani
512 863 548 919 et
574 857 768 938 quindecim
789 857 990 940 jamdictis
1016 880 1073 924 ec·

125 955 239 1018 clesiis
265 955 417 1022 chrisma
444 956 511 1019 sibi
536 963 572 1020 et
595 955 709 1018 oleum
736 962 773 1018 et
799 957 1073 1023 benedictionem

125 1061 161 1117 et
193 1062 321 1119 caetera
351 1055 466 1118 omnia
490 1055 645 1118 ecclesiae
678 1063 909 1131 sacramenta,
935 1049 976 1119 ²a
1004 1077 1073 1139 quo

123 1153 275 1218 voluerit
311 1155 487 1236 episcopo,
527 1154 658 1236 absque
691 1160 811 1217 nostra
850 1161 886 1217 et
919 1155 1073 1220 ecclesiae

123 1261 253 1316 nostrae
281 1253 538 1329 reclamatione,
566 1254 734 1335 accipere,
756 1253 856 1316 etde
881 1261 1008 1318 caetero
1036 1257 1073 1318 iu

114 1371 229 1415 manu
251 1353 356 1434 regis,
383 1353 474 1416 sicut
495 1372 560 1416 sua
585 1351 757 1415 dominica
781 1352 939 1428 ecclesia,
964 1353 1074 1418 libera

125 1452 342 1530 remanebit,
373 1452 515 1533 reliquae
538 1470 621 1515 vero
643 1451 797 1514 ecclesiae
825 1450 979 1534 ejusdem
999 1473 1073 1517 mo·

123 1552 266 1614 nasterii
292 1551 422 1633 passim
448 1570 511 1632 per
538 1551 776 1633 episcopatum
798 1549 1072 1616 lincolniensem

125 1651 324 1713 constitutae
355 1649 585 1713 obedientiam
610 1657 646 1713 et
674 1649 935 1732 subjectionem,
967 1670 1072 1732 quam

124 1755 259 1812 caeterae
281 1749 408 1812 debent
424 1748 591 1824 occlesiae,
603 1749 766 1831 episcopo
785 1748 1018 1813 Lincoluieusi
1036 1758 1072 1813 et

122 1847 373 1911 archidiaconis
398 1847 621 1911 exhibebunt.
673 1846 789 1925 Quod,
812 1867 856 1910 ne
880 1848 923 1911 de
945 1856 1071 1912 caetero

123 1947 234 2028 possit
249 1947 286 2009 iu
302 1948 399 2010 litem
414 1947 581 2023 revocari,
590 1946 710 2028 scripti
727 1947 909 2030 praesentis
927 1953 1071 2011 attesta-

124 2046 217 2108 tione
246 2057 282 2109 et
303 2045 410 2127 sigilli
436 2046 504 2108 mei
525 2052 562 2108 et
582 2045 726 2127 capituli
749 2046 966 2128 appositione
987 2066 1070 2110 cou-

123 2143 270 2221 firmavi,
304 2145 449 2208 testibus
478 2142 709 2227 supradictis?
760 2143 866 2206 Hanc
889 2163 1010 2227 paoem
1036 2153 1072 2209 et

122 2244 343 2307 concordiam
363 2262 441 2307 cum
463 2263 526 2307 rex
548 2241 722 2307 Honricus
740 2250 776 2306 ct
796 2242 962 2320 Thomas,
978 2243 1071 2307 Gan-

122 2344 306 2406 tuariensis
343 2342 634 2425 archiepiscopus,
671 2342 744 2404 suis
782 2341 1072 2406 confirmaverant

121 2442 355 2518 munimentis,
393 2461 486 2523 papa
520 2439 734 2516 Alexander,
771 2460 889 2504 eorum
922 2442 1072 2522 vestigia

121 2549 273 2618 secutus,
300 2535 394 2604 ³eam
428 2539 610 2622 privilegio
640 2539 794 2603 ecclesia
828 2539 999 2603 Romanae
1036 2548 1072 2603 et

122 2641 375 2722 subscriptione
403 2640 556 2703 omnium
586 2638 812 2702 cardinalium
835 2640 1069 2702 communivit.

123 2739 255 2803 Eodem
281 2759 373 2803 anno
398 2759 462 2802 rex
481 2737 804 2820 Hierosolymarum
826 2729 1071 2801 ⁴Baldewinus

122 2838 285 2903 humanae
316 2846 452 2902 naturae
483 2837 637 2901 debitum
667 2836 784 2912 solvit,
818 2837 875 2900 cui
906 2837 1073 2902 successit

123 2940 232 3003 frater
248 2939 324 3023 ejus
341 2936 548 3002 Amalricus.

123 3139 271 3204 Secunda
285 3136 483 3225 perturbatio
504 3145 612 3200 contro
636 3135 795 3212 Plomma,
819 3132 1074 3197 Ocotucra'cmom

462 3235 733 3320 archiepiscopum.

173 3362 278 3427 Anno
299 3361 440 3426 Domini
463 3377 620 3423 ncnxul.
642 3379 707 3422 rex
724 3356 918 3438 Anglorum
942 3354 1071 3418 Henri-
1085 3370 1208 3410 anna.

120 3483 196 3540 cus,
222 3463 348 3528 finibus
373 3459 611 3524 transmarinis
633 3478 695 3540 pro
721 3457 901 3522 voluntate
925 3454 1071 3536 disposi·
1084 3421 1203 3510 iiliiidi

1043 3554 1051 3567 ,
1084 3522 1178 3559 between
1187 3520 1223 3558 the

121 3565 181 3640 tis,
199 3557 252 3624 ⁵in
267 3561 433 3642 Angliam
450 3559 563 3634 rediit,
577 3565 612 3620 et
629 3557 794 3633 Thomas,
811 3555 1071 3619 Cantuariensls
1083 3570 1187 3660 {13:3⁶

156 3762 352 3826 ¹Monusterio.]
377 3754 583 3810 ‘Mouasterium’
645 3756 842 3820 ⁴Buldewinas.]
861 3757 904 3806 He
915 3755 975 3804 died
985 3770 1017 3803 on
1027 3755 1070 3804 the

119 3835 148 3883 in
159 3835 218 3884 MS.
610 3828 669 3876 loth
686 3828 826 3887 February,
842 3826 894 3875 aud
907 3840 962 3874 was
981 3825 1071 3873 buried

156 3934 197 3986 ’A
210 3935 277 4000 qao]
301 3935 409 3984 ‘Liceat
424 3934 510 3983 abbati
522 3931 583 3982 suo'
608 3898 688 4016 {22¹⁰
699 3896 883 4027 cffichpffie
891 3896 971 4013 9212&
982 3894 1072 3955 semu·

118 4006 268 4056 immdin
279 4006 322 4055 the
333 4005 390 4055 MS'
562 4015 563 4018 Ἴ
642 4001 923 4096 ⁵lerngliomdediit]
942 4000 1074 4082 ⁶Helaud-

156 4106 237 4156 ³Eam
252 4106 413 4170 priuilegia]
437 4106 505 4156 ‘Per
527 4120 582 4155 eam
608 4106 641 4154 ed
658 4111 685 4155 at
701 4105 884 4165 Southampton
902 4118 935 4152 on
952 4103 994 4153 the
1012 4103 1072 4152 ssth

119 4172 288 4241 privilegium’
304 4178 332 4226 in
344 4176 401 4226 MS.
608 4177 739 4238 Jauuary;
755 4174 967 4226 Diatonion.
1063 4225 1066 4229 ,
