2820 4882
316 397 382 462 152
572 415 706 464 uocum
731 415 777 463 nu
801 414 1007 464 wannovsn

156 582 211 623 M),
223 583 279 622 1099.
319 565 395 610 esse
413 549 587 612 montibus
610 551 724 626 sitam,
743 557 777 613 et
795 552 829 613 in
854 558 946 614 sorte
965 548 1147 632 Benjamin
1170 547 1269 611 novi·

154 633 306 722 fflffiffi,
320 663 396 709 mus
413 647 647 712 constitutam.
689 648 809 714 Habet
826 657 941 712 autem
957 651 1000 713 ab
1016 647 1193 712 occidente
1209 647 1271 710 tri-

320 747 401 809 bum
414 746 565 825 Simeon,
579 745 739 832 [terram]
755 748 1029 825 Philistinorum,
1041 755 1077 811 et
1092 766 1186 810 mare
1200 766 1271 809 me-

322 846 566 924 diterraneum,
585 868 606 911 a
632 869 712 930 quo,
733 868 840 930 prope
857 856 911 913 est
933 847 956 911 J
960 867 1072 931 oppen
1093 845 1270 929 oppidum,

323 946 447 1026 viginti
459 953 610 1028 quatuor
623 948 825 1011 milliaribus
839 947 957 1024 distat,
969 948 1059 1011 inter
1075 966 1112 1009 se
1130 953 1165 1009 et
1182 965 1273 1028 pree-

322 1044 451 1108 dictum
480 1065 574 1111 mare
603 1047 735 1110 habens
761 1047 941 1110 castellum
965 1047 1119 1124 Emaus3
1150 1045 1273 1108 Modin

325 1144 440 1220 etiam,
467 1154 666 1209 sanctorum
697 1147 977 1210 Machabaeorum
1001 1144 1210 1228 praesidium,
1238 1155 1272 1209 et

326 1243 451 1307 Noben
463 1245 612 1308 viculum
630 1247 859 1323 sacerdotum,
874 1253 909 1310 et
927 1245 1112 1329 Dispolim‚
1129 1251 1272 1327 quaeest

326 1342 460 1425 Lydda,
477 1345 535 1407 ubi
554 1344 679 1408 Petrus
689 1346 835 1408 AEneam
850 1346 1079 1430 paralyticum
1096 1345 1202 1408 saluti
1219 1364 1273 1408 re-

325 1441 450 1519 stituit,
466 1450 500 1506 et
512 1444 571 1507 ubi
586 1445 678 1527 apud
692 1445 862 1508 Simonem
879 1446 1062 1509 coriarium
1076 1443 1273 1526 hospitatus

328 1540 480 1605 Cornelii
493 1545 651 1607 nuntium
665 1545 830 1627 suscepit,
843 1545 933 1608 sicut
948 1545 1039 1627 apud
1053 1543 1076 1607 J
1080 1563 1193 1626 oppen
1205 1543 1274 1607 dis-

327 1640 491 1723 cipulam,
506 1643 691 1707 Thahitam
711 1645 860 1719 nomine,
883 1645 1076 1708 suscitavit.
1128 1641 1185 1707 Ab
1205 1644 1274 1706 ori-

328 1748 407 1804 ente
425 1761 563 1823 quoque
585 1742 608 1806 J
611 1743 750 1806 ordanis
772 1743 876 1807 habet
900 1743 1042 1821 fluenta,
1059 1750 1094 1806 et
1115 1742 1275 1806 solitudi-

328 1860 404 1903 nem
437 1840 586 1905 filiorum
622 1843 867 1925 prophetarum
903 1842 1003 1924 quasi
1035 1841 1078 1906 ad
1113 1841 1275 1905 milliaria

329 1941 601 2021 quatuordecim,
614 1949 648 2005 et
660 1942 787 2006 vallem
802 1943 1006 2019 silvestrem,
1019 1949 1053 2006 et
1066 1960 1160 2004 mare
1177 1941 1274 2004 Mor-

329 2049 443 2117 tuum;
459 2034 563 2105 ¹citra
573 2040 596 2104 J
599 2041 761 2105 ordanem
771 2061 853 2106 vero
863 2040 886 2104 J
889 2041 1004 2106 ericho
1013 2041 1128 2117 habet,
1141 2049 1175 2104 et
1188 2039 1275 2104 Gal-

330 2141 411 2221 gala
434 2141 642 2204 domicilium
667 2140 834 2219 Helisaei3
861 2141 954 2205 ultra
978 2160 1060 2206 vero
1085 2140 1108 2204 J
1112 2139 1276 2204 ordanem

331 2237 481 2315 Galaad,
500 2241 630 2316 Basao,
647 2240 775 2317 Amon,
799 2247 834 2304 et
863 2240 983 2318 Moab,
1008 2240 1099 2322 quod
1121 2247 1277 2324 postmo-

330 2339 411 2401 dum
428 2339 566 2416 Ruben,
582 2339 673 2416 Gad,
689 2347 724 2404 et
739 2340 880 2403 dimidia
895 2341 1005 2404 tribus
1018 2340 1184 2403 Manasse
1200 2358 1279 2414 sus·

330 2446 494 2519 ceperunt
511 2440 547 2501 in
565 2447 705 2515 sortem,
725 2459 802 2521 quae
817 2439 918 2504 hodie
932 2430 1028 2522 regio
1045 2439 1197 2521 generali
1214 2459 1278 2522 ap·

329 2537 516 2619 pellatione
534 2536 667 2601 Arabia
683 2547 913 2621 nuncupatur.
963 2538 1019 2603 Ab
1038 2546 1156 2602 austro
1172 2539 1278 2603 habet

330 2644 458 2700 sortem
479 2636 502 2700 J
505 2638 594 2715 udae,
617 2639 654 2700 in
676 2645 815 2720 quaest
838 2638 1029 2715 Bethleem,
1046 2638 1131 2702 felix
1155 2638 1278 2702 Domi-

331 2737 418 2799 nicae
441 2736 635 2800 nativitatis
666 2738 776 2815 locuS,
798 2745 833 2801 et
856 2738 998 2802 Thecua
1025 2739 1107 2802 urbs
1129 2737 1278 2820 prophe-

331 2841 444 2898 tarum
461 2834 603 2899 Abacuc
620 2843 655 2900 et
670 2836 791 2914 Amos,
809 2845 844 2901 et
868 2837 1024 2914 Hebron,
1042 2857 1119 2919 quae
1137 2845 1191 2901 est
1208 2837 1278 2902 Ca-

330 2935 515 3012 riatharbe,
533 2935 556 2999 J
559 2936 735 3000 udaeorum
757 2937 1032 3019 patriarcharum
1047 2936 1278 3020 sepulchrum.

330 3032 364 3097 A
380 3030 613 3116 septentrione
632 3055 768 3119 quoque
786 3036 888 3099 habet
911 3036 1069 3112 Gabaon,
1085 3036 1108 3100 J
1111 3055 1195 3100 osne
1217 3036 1279 3099 filii

332 3133 414 3198 Nun
438 3135 619 3197 victoriam
650 3136 833 3216 insignem,
856 3143 891 3199 et
914 3137 1039 3199 tribum
1066 3135 1221 3212 Effraim,
1244 3130 1280 3199 et

331 3233 427 3315 Syro,
455 3233 576 3297 Siehar
608 3254 745 3316 quoque
775 3243 810 3299 et
841 3234 1006 3298 Samariae
1030 3236 1216 3316 regionem,
1243 3241 1279 3297 et

331 3333 467 3410 Bethel,
488 3334 621 3415 peccati
647 3332 670 3396 J
673 3335 834 3397 eroboam
851 3341 987 3411 testem,
1014 3335 1074 3397 sed
1096 3346 1132 3397 et
1154 3333 1280 3397 Sebas-

331 3440 435 3508 team,
455 3432 589 3495 Helisei
610 3439 645 3495 et
664 3431 786 3496 Abdiae
809 3433 1028 3514 sepulchrum
1053 3441 1088 3497 et
1106 3434 1278 3515 Baptistae

331 3530 354 3594 J
358 3532 505 3595 ohannis
529 3534 752 3614 martyrium3
778 3532 851 3595 haec
880 3533 961 3596 olim
982 3553 1003 3596 a
1021 3539 1138 3596 monte
1158 3533 1279 3596 Somer

331 3630 425 3694 dicta
454 3638 506 3694 est
533 3630 699 3709 Samaria,
726 3633 816 3695 sicut
843 3639 878 3695 et
908 3632 1003 3713 regio
1028 3638 1114 3707 tota,
1140 3651 1218 3713 quae
1244 3638 1280 3695 et

332 3729 476 3794 thronus
494 3730 560 3793 fuit
577 3750 696 3812 regum
713 3730 835 3794 Israel.
876 3730 995 3794 Habet
1009 3731 1113 3794 etiam
1131 3737 1166 3794 et
1184 3730 1280 3794 Nea-

331 3829 426 3910 polin
454 3829 510 3893 vel
534 3829 743 3912 Nicopolim,
767 3831 826 3893 ubi
853 3831 913 3893 filii
937 3829 960 3893 J
963 3832 1060 3906 acob,
1087 3830 1227 3894 Simeon
1245 3836 1280 3893 et

332 3928 430 4003 Levi,
441 3930 475 3990 in
488 3929 653 3991 ultionem
666 3929 887 4011 stupri,quod
897 3929 1031 3993 Sichem
1041 3928 1282 3992 filiusEmmor
1371 3955 1375 3961 ·

330 4029 441 4091 sorori
457 4048 574 4091 eorum
591 4027 694 4092 Dinae
714 4029 892 4105 intulerat,
915 4029 1027 4110 ipsum
1043 4035 1078 4092 et
1098 4028 1187 4092 filios
1204 4029 1280 4112 ejus

377 4175 385 4208 ¹
399 4178 471 4228 Citra
487 4179 652 4243 brunnen]
679 4178 802 4241 Compare
815 4180 931 4228 Fulcher.
947 4178 1117 4242 Carnotensis,
1133 4195 1160 4241 p.
1172 4183 1230 4228 405.
