2820 4882
426 408 565 458 enonas
589 408 859 458 ursronrnnuu.
1049 392 1114 456 291

164 559 238 622 dies
265 558 451 636 illuxisset,
482 560 563 623 iecit
588 560 772 641 episcopus
802 558 984 622 convenire
1016 578 1112 640 pres·
1126 581 1246 624 nuria.

163 658 323 739 byterum
337 677 416 721 cnm
435 658 640 741 quibusdam
656 658 849 722 bominibus
866 657 972 733 villae,
990 665 1025 722 et
1047 658 1114 722 sci·

162 757 310 820 scitatus
331 758 448 820 abeis
474 758 668 840 diligenter,
693 757 771 840 quis
795 757 898 821 homo
921 756 980 819 ille
1004 777 1114 839 nuper

164 854 347 919 destructus
381 864 474 920 esset
502 864 538 920 et
567 857 680 939 qualis
707 856 788 920 vitae
814 863 895 920 ante
919 855 1050 920 obitum
1075 857 1112 921 in

163 954 292 1018 saeculo
310 956 524 1033 exstitisset3
556 956 613 1038 qui
635 975 753 1019 omnes
771 955 971 1020 fatebantur
991 954 1035 1019 de
1057 975 1110 1033 eo,

162 1053 255 1134 quod
287 1062 380 1118 esset
406 1055 460 1119 vir
483 1055 601 1137 justus
634 1074 675 1118 ac
706 1055 831 1118 timens
860 1055 986 1130 Deum,
1011 1061 1112 1136 pater

161 1151 395 1233 orphanorum
430 1161 466 1218 et
498 1153 688 1217 consolatio
721 1153 936 1230 miserorum,
972 1160 1012 1216 ut
1050 1155 1110 1235 qui

161 1270 297 1314 omnem
324 1252 554 1316 substantiam
583 1271 683 1316 suam
714 1251 749 1316 in
777 1251 997 1334 pauperibus,
1029 1251 1111 1316 dum

165 1350 309 1427 viveret,
329 1359 365 1415 et
385 1351 578 1434 hospitibus
604 1352 782 1432 erogavit3
806 1351 919 1414 tenuit
941 1359 1111 1432 practerea

161 1449 198 1511 in
214 1448 317 1512 domo
338 1469 403 1514 sua
424 1452 674 1533 presbyterum,
688 1451 744 1513 cui
765 1449 808 1512 de
834 1451 974 1532 proprio
994 1451 1111 1514 omnia

161 1548 358 1612 necessaria
372 1548 594 1626 ministravit,
617 1548 677 1630 qui
699 1549 1013 1614 commendationes
1036 1551 1110 1613 ani·

165 1665 298 1710 marum
328 1654 364 1711 et
396 1649 578 1712 missarum
615 1646 780 1729 suffragia
808 1648 928 1713 diebus
964 1649 1110 1730 singulis

163 1764 226 1828 pro
251 1745 423 1811 defunctis
448 1747 604 1811 fidelibus
626 1748 825 1812 celebravit.
878 1747 967 1812 Haec
993 1755 1109 1812 autem

163 1864 241 1909 cum
251 1846 406 1910 audisset
420 1847 614 1929 episcopus,
629 1847 804 1910 intellexit
818 1848 981 1911 continuo
994 1866 1108 1924 voces,

163 1964 251 2026 quas
275 1946 434 2010 audierat
451 1947 494 2010 de
511 1946 709 2010 coemeterio
730 1946 885 2022 emisses,
905 1945 991 2008 nibil
1014 1945 1108 2009 aliud

161 2063 236 2107 esse
266 2063 370 2127 quam
396 2064 499 2110 voces
532 2046 724 2109 animarum
754 2043 891 2107 illorum
915 2063 1109 2126 corporum,

161 2162 241 2225 quea
273 2143 311 2207 in
340 2144 537 2208 coemeterio
565 2144 801 2227 quiescebant,
832 2142 1038 2225 plangentes
1064 2143 1109 2206 de

160 2249 272 2306 morte
293 2242 444 2325 bominis
463 2251 498 2307 et
516 2251 701 2326 gementes,
724 2261 787 2325 per
808 2261 909 2323 quem
930 2241 1012 2304 dum
1029 2242 1107 2306 vix-

162 2349 237 2406 erat
264 2342 561 2427 eleemosynarum
594 2350 631 2406 et
662 2342 844 2406 missarum
877 2340 1002 2405 babere
1035 2337 1107 2403 sus·

160 2438 274 2522 fragia
289 2449 499 2506 meruerunt.
545 2441 645 2505 Tunc
661 2441 856 2524 episcopus,
870 2446 995 2505 vocato
1012 2440 1109 2504 adse

160 2541 375 2622 presbytero,
406 2542 466 2622 qui
496 2542 561 2604 sub
593 2541 669 2604 viro
697 2539 860 2604 defuncto
893 2540 1016 2603 missas
1047 2559 1109 2622 pro

161 2637 334 2703 defunctis
356 2640 603 2716 celebraverat,
620 2638 714 2702 dedit
736 2639 768 2702 ei
790 2639 982 2720 portionem
999 2638 1035 2702 in
1052 2658 1109 2702 cc·

162 2737 269 2801 clesia
284 2739 390 2816 villae,
403 2746 561 2803 statuens
583 2746 619 2802 et
632 2738 683 2801 illi
705 2737 905 2821 injungens,
920 2746 971 2815 ut,
987 2756 1108 2820 quam·

162 2835 220 2899 diu
233 2837 380 2914 viveret,
397 2837 536 2901 missam
552 2845 588 2900 et
604 2838 771 2919 obsequia
784 2836 1022 2902 defunctorum
1038 2836 1110 2900 die·

160 2935 225 2998 bus
240 2935 388 3018 singulis
403 2935 604 3001 celebraret.

189 3107 280 3181 Quod
293 3127 373 3192 repre
389 3108 588 3172 Francorum
604 3116 633 3171 et
645 3104 820 3192 Anplorrrm
836 3107 871 3170 io
886 3105 1080 3171 cneorum

536 3215 745 3271 conuenerunt.

209 3327 315 3393 Anno
339 3330 481 3395 Domini
503 3347 647 3395 ncnxu.
673 3330 889 3406 lodowicus,
914 3348 976 3392 rex
998 3327 1108 3392 Fran·
1122 3341 1246 3430 fflgffi

157 3448 292 3505 corum,
320 3436 357 3493 et
382 3428 571 3507 Henrious,
595 3449 659 3493 rex
675 3428 884 3511 Anglorum,
898 3435 1108 3492 armatorum
1121 3441 1206 3481 nana-

158 3528 269 3609 copiis
294 3529 446 3611 undique
465 3529 697 3612 congregatis,
719 3549 798 3592 cum
819 3529 894 3611 jam
917 3533 1109 3610 campestre

159 3627 319 3708 praelium
353 3629 444 3692 inter
480 3648 541 3693 eos
571 3629 749 3692 imminere
788 3634 970 3713 putaretur
1000 3646 1108 3708 prope

162 3724 406 3804 Fretevallem,
426 3721 545 3791 ¹amici
567 3728 682 3792 subito
701 3734 783 3791 sunt
800 3726 924 3789 effecti.
977 3725 1108 3788 Eodem

160 3843 254 3889 anno
282 3824 439 3904 Alienor,
463 3825 658 3908 Anglorum
689 3827 822 3908 regina,
852 3825 945 3908 apud
971 3824 1108 3888 Rotbo-

195 4047 297 4100 ¹Amici
323 4049 402 4100 sabito
427 4054 485 4098 aaut
509 4049 624 4114 effecti]
649 4049 841 4112 regemAngliae
849 4052 875 4097 et
883 4062 967 4110 regern
976 4047 1110 4108 Franciae,'

157 4121 255 4182 llymer
269 4121 317 4169 bas
331 4134 348 4168 a
365 4121 419 4169 bull
436 4119 465 4168 oi
479 4119 625 4168 Alexander
650 4120 787 4168 addressed
806 4123 832 4166 to
851 4117 940 4179 Henry
954 4117 991 4167 ll.
1010 4118 1036 4166 in
1059 4118 1109 4166 thir

158 4190 295 4253 lll.,‘pro
307 4205 371 4252 pace
387 4185 625 4256 reformandafiinter
650 4189 761 4250 yearpi.
774 4204 800 4250 p.
813 4191 853 4238 nl.
962 4261 1011 4306 Η
