2820 4882
324 404 368 470 84
586 418 720 467 aoonnr
744 418 791 466 nn
814 417 1022 466 wnunovna

162 593 287 693 aim
326 579 454 662 capita,
471 597 550 641 cum
569 577 774 660 quibusdam
796 577 957 661 captivis,
975 575 1019 640 ad
1034 576 1279 658 imperatorem

161 694 313 735 theomenes.
327 679 526 762 dirigentes

540 855 591 918 Da
606 852 788 939 subfossiouc
802 861 830 917 ot
846 853 941 917 raino
957 851 1064 917 carrd.

161 998 312 1048 sagonna.
379 976 448 1040 His
464 976 515 1040 ita
530 977 649 1058 gestis,
664 977 795 1059 placuit
812 974 1023 1058 principibus
1045 978 1086 1036 ut
1107 969 1279 1053 petrarias

327 1070 499 1160 aliasque¹
519 1076 695 1141 machinas
716 1077 759 1140 ad
781 1094 898 1140 muros
920 1075 1016 1138 urbis
1039 1071 1277 1155 applicarent3

326 1177 476 1259 dumque
498 1177 534 1240 iu
553 1175 618 1240 hoc
643 1176 810 1240 attentius
834 1174 984 1238 artifices
1007 1173 1216 1246 laborarent,
1240 1176 1277 1233 et

326 1276 446 1340 urbem
471 1275 708 1359 frequentibus
736 1275 999 1357 impugnassent
1025 1270 1278 1353 congressioni·

327 1376 404 1451 bus,
436 1375 606 1440 curriculo
637 1382 769 1458 septem
799 1373 1102 1448 hebdomadarum,
1127 1370 1278 1453 quadam

326 1474 382 1537 die
405 1476 564 1539 condicto
584 1475 626 1538 de
648 1494 742 1538 more
764 1473 907 1550 insultu,
924 1473 1012 1536 duos
1032 1471 1177 1546 nobiles,
1195 1469 1281 1533 Bal-

327 1573 499 1638 dewinum
525 1574 684 1639 videlicet
712 1573 883 1639 Calderon
909 1579 944 1636 et
973 1571 1212 1635 Baldewinum
1237 1569 1281 1632 de

329 1672 436 1749 Gant,
453 1693 559 1737 unum
576 1674 676 1757 jactu
699 1673 865 1755 lapidum,
885 1672 1031 1736 alterum
1049 1671 1149 1754 jactu
1170 1669 1281 1749 sagit-

329 1778 386 1848 tae,
405 1772 484 1836 dum
507 1773 694 1837 animosius
712 1774 749 1835 in
771 1773 865 1835 urbis
888 1770 1145 1854 expugnatione
1163 1769 1280 1832 docer-

328 1879 456 1948 tarcnt,
482 1873 592 1936 nostri
615 1873 739 1936 misero
762 1870 952 1936 infortunio
980 1869 1180 1933 amiserunt.
1234 1866 1278 1931 In

328 1971 397 2035 alio
414 1991 551 2054 quoque
566 1972 723 2036 similiter
738 1971 913 2046 conflictu,
929 1969 972 2032 de
989 1968 1181 2051 principum
1195 1986 1279 2030 cou-

327 2069 406 2135 cilio
424 2072 563 2148 iterato,
580 2090 695 2135 comes
711 2070 908 2136 Willelmus
926 2069 969 2133 de
993 2068 1114 2132 Foreis
1136 2074 1171 2131 et
1186 2066 1280 2130 Galo

329 2169 371 2233 de
408 2170 532 2234 Insula
564 2171 702 2252 sagittis
735 2170 863 2235 confixi
902 2169 1125 2246 ceciderunt;
1161 2165 1279 2230 Guido

326 2277 496 2350 praeterea
520 2269 562 2334 de
588 2270 768 2347 Possessa,
788 2270 841 2333 vir
864 2268 1000 2344 nobilisl,
1023 2267 1149 2331 ibidem
1175 2285 1280 2331 carne

326 2367 461 2432 solutus
488 2376 553 2446 est,
579 2371 678 2451 gravi
707 2369 905 2433 infirmitate
936 2373 1127 2450 correptus.
1180 2365 1277 2444 Qua-

326 2466 406 2530 dam
421 2470 546 2533 iterum
561 2469 628 2546 die,
643 2469 725 2532 dum
742 2469 913 2552 principes
929 2466 1082 2530 universi
1097 2464 1275 2531 machinas

327 2585 409 2630 suas
425 2569 583 2632 certatim
600 2567 644 2632 ad
659 2589 795 2632 murum
809 2568 1036 2650 applicarent,
1050 2585 1165 2630 comes
1182 2564 1276 2629 Her·

327 2685 473 2731 mannus
485 2675 520 2732 et
535 2668 708 2734 Henricus
719 2669 762 2732 de
773 2666 904 2744 Ascha,
915 2666 1134 2743 Theutouici,
1149 2664 1277 2729 instru-

327 2774 481 2831 mentum
495 2768 667 2850 quoddam
684 2769 770 2833 satis
793 2767 976 2831 artificiose
998 2772 1276 2849 composuerunt,

326 2864 362 2927 in
388 2885 457 2948 qno
483 2868 616 2949 equites
638 2868 763 2950 viginti
789 2873 1033 2949 componentes
1067 2865 1112 2929 ad
1140 2884 1277 2928 murum

327 2964 580 3046 applicuerunt,
614 2986 691 3049 quae
723 2967 861 3032 tandem
890 2964 1095 3048 [machina],
1116 2965 1279 3029 instanti·

326 3063 392 3126 bus
408 3063 451 3126 ad
468 3064 712 3144 defensionem,
728 3086 931 3148 magnorum
949 3064 1101 3147 impulsu
1122 3063 1277 3146 lapidum

326 3161 378 3226 ita
399 3165 549 3228 coutrita
574 3172 638 3242 est,
661 3173 701 3230 ut
725 3186 784 3229 eos
811 3166 870 3248 qui
895 3164 985 3227 infra
1009 3170 1109 3228 erant
1134 3166 1279 3246 compri-

328 3269 436 3326 meret
465 3266 669 3344 universos3
712 3264 891 3330 fervebant
923 3271 1038 3327 autem
1067 3263 1127 3327 alii
1153 3262 1279 3328 nihilo·

327 3363 440 3425 minus
463 3364 500 3426 iu
529 3383 616 3446 opus
648 3365 836 3448 inceptum,
862 3371 898 3428 et
921 3362 1068 3427 assiduis
1093 3362 1280 3427 insultibus

327 3463 481 3544 requiem
513 3464 644 3528 civibus
675 3464 936 3528 subtrahebant.
993 3456 1126 3526 ²Lacus
1161 3469 1278 3526 tamen

327 3560 461 3625 civitati
478 3562 641 3645 adjacens
661 3571 858 3628 nostrorum
882 3563 1056 3646 praecipue
1086 3561 1278 3645 praepedie-

326 3659 388 3724 bat
407 3680 507 3743 opus,
526 3682 606 3725 nam
623 3663 716 3728 cives
732 3683 794 3746 per
813 3682 890 3727 enm
912 3662 1053 3725 liberius
1069 3661 1277 3743 navigantes

362 3872 494 3940 'Aliaeque
513 3872 662 3946 martiana]
688 3879 737 3927 For
756 3893 788 3927 an
850 3875 971 3941 ’Lorm.]
988 3874 1280 3925 ‘Ioannotforbearre-

326 3952 433 3995 account
451 3947 480 3996 of
495 3948 538 3997 the
557 3949 660 4011 engines
679 3949 744 3998 used
762 3952 789 3997 at
814 3945 1279 4011 markingtberesemblancebetween

326 4015 586 4137 si⁰“illiii'rllil
603 4019 788 4140 ”tillut
812 4018 855 4136 il
871 4017 1014 4137 {illiti
1023 4017 1066 4136 ¹31¹*
1068 4014 1278 4135 stlta}

326 4098 512 4219 5452,oequ
581 4104 606 4150 q·
669 4126 674 4139 ι
741 4124 748 4140 ⁶
782 4104 905 4276 Ιἓξίοαξ
914 4157 1035 4208 Μοιίοο.’
1070 4155 1181 4216 Gibbon,
1198 4154 1234 4203 xi.
1251 4168 1278 4214 p.

848 4242 926 4290 ,aaa
