2820 4882
311 398 356 462 94
566 414 700 462 nocam
723 415 770 462 nu
793 413 1000 464 wnuuovmr

146 587 266 687 ιὶιιιὲωοἵ
197 587 270 628 ..ιοιι
311 572 383 636 lum
400 573 504 636 etiam
520 573 673 655 ligneum
687 573 797 637 latum
817 579 1075 654 componentes,
1099 571 1135 634 in
1153 572 1262 636 altum

146 638 298 730 &offiano
310 673 532 736 balistarios
522 694 558 736 rn
570 693 611 738 eo
622 674 825 738 locaverunt
827 673 920 755 ,qui,
931 673 967 735 iu
983 672 1117 735 insidiis
1134 673 1262 736 civium

310 773 503 850 constituti,
520 773 620 837 telis
611 774 722 855 lgneis
736 779 771 837 et
782 773 962 838 venenatis
979 772 1106 836 multos
1124 773 1200 836 neci
1217 792 1262 836 ex

310 872 467 936 hostibus
484 873 712 938 tradiderunt.
743 873 871 943 ,Turci
894 891 913 934 e
935 872 1108 936 contrario
1131 871 1262 935 machi-

309 991 374 1037 nas
404 992 467 1054 pro
494 973 663 1037 machinis
694 978 946 1048 construentes,
976 971 1048 1035 tela
1075 991 1139 1054 pro
1170 971 1261 1046 telis,

309 1080 346 1137 et
367 1071 501 1155 lapides
528 1093 592 1154 pro
622 1073 808 1154 lapidibus,
833 1072 871 1135 in
894 1071 1154 1154 peregrinorum
1181 1091 1260 1152 per-

309 1173 433 1236 niciem
463 1173 689 1251 remiserunt3
725 1172 862 1236 tandem
890 1170 1079 1234 innumeris
1111 1171 1192 1234 hinc
1224 1179 1281 1235 et·

309 1271 389 1336 iude
410 1271 614 1348 interfectis,
637 1279 684 1348 et,
706 1271 857 1335 maxime
880 1291 925 1334 ex
942 1272 991 1335 eis
1012 1271 1070 1354 qui
1093 1271 1260 1336 victualia

310 1372 523 1453 quaerebant,
540 1371 777 1436 deficientibus
792 1371 978 1448 alimentis,
994 1370 1152 1435 dominus
1169 1370 1262 1434 Boa-

310 1472 458 1535 muudus
486 1478 522 1535 et
548 1491 662 1536 comes
696 1471 918 1535 Flaudrensis
951 1478 987 1536 et
1015 1470 1191 1535 Robertus
1219 1471 1262 1535 de

310 1572 482 1635 communi
499 1572 656 1650 consilio,
668 1578 707 1635 ut
721 1572 850 1654 pabula
867 1577 1073 1654 quaererent,
1087 1571 1261 1634 exierunt.

310 1669 502 1735 Audientes
524 1679 641 1736 autem
661 1670 795 1735 Turcos
807 1690 884 1736 esse
900 1672 937 1734 iu
952 1671 1101 1755 quodam
1115 1671 1261 1736 castello

310 1777 346 1834 et
362 1769 447 1834 villa
462 1789 601 1853 magna,
623 1772 660 1835 iu
681 1772 822 1854 regione
843 1770 1006 1847 hostium,
1028 1771 1129 1835 bouis
1151 1771 1262 1834 omni·

309 1870 374 1933 bus
405 1870 546 1948 refecta,
575 1871 720 1954 proiecti
742 1878 824 1936 sunt
851 1870 934 1934 illuc
959 1890 1036 1935 oum
1065 1870 1261 1952 legionibus

311 1970 395 2047 suis,
418 1971 476 2035 ubi
500 1971 630 2047 multis,
654 1971 731 2034 Deo
753 1971 904 2048 volente,
927 1988 949 2033 a
967 1971 1089 2052 paucis
1110 1970 1261 2035 trucida·

308 2070 366 2147 tis,
383 2071 496 2153 spolia
509 2071 620 2139 multa
634 2071 670 2133 in
690 2089 772 2134 suos
796 2089 881 2134 usus
899 2075 1114 2153 receperunt.
1167 2069 1260 2151 Gog-

309 2176 482 2235 noverunt
496 2177 613 2235 autem
635 2169 792 2253 praedicti
809 2169 994 2252 principes,
1015 2189 1077 2252 per
1098 2170 1260 2251 explora·

309 2275 402 2333 tores
426 2287 520 2346 suos,
545 2268 738 2334 Turcorum
760 2268 1015 2333 multitudinem
1040 2269 1077 2332 in
1099 2271 1259 2352 proximo

309 2368 544 2445 constitutam,
567 2376 688 2433 contra
710 2388 814 2453 quarn
836 2368 996 2432 comitem
1013 2368 1260 2434 Flandrensem

309 2467 437 2532 direxit
467 2468 692 2532 Boamundus
725 2488 803 2532 cum
828 2469 960 2532 viribus
993 2470 1149 2546 armatis,
1182 2471 1258 2552 ipse

309 2567 496 2650 majoribus
538 2569 648 2651 copiis
685 2567 838 2652 stipatus
867 2576 1060 2634 secuturus.
1134 2567 1260 2634 Comes

309 2686 404 2744 vero,
431 2668 468 2730 in
500 2688 604 2750 opere
631 2669 756 2732 martio
785 2669 839 2732 vir
867 2674 1040 2745 strenuus,
1075 2669 1112 2732 iu
1142 2668 1261 2734 hostes

310 2767 435 2830 acriter
464 2769 598 2831 irruens
626 2776 763 2833 centum
789 2787 833 2831 ex
862 2768 913 2831 eis
942 2768 1060 2850 gladio
1088 2770 1258 2851 peremit3

310 2865 459 2949 dumque
483 2868 595 2932 victor
621 2868 666 2931 ad
696 2868 808 2931 socios
839 2867 977 2944 rediret,
1002 2888 1081 2931 ecce
1106 2854 1166 2932 alii
1197 2889 1258 2933 ex-

308 2966 501 3047 ploratores
517 2967 626 3031 multo
646 2967 806 3031 fortiores
831 2967 994 3031 nuntiant
1010 2967 1200 3032 adventare
1215 2989 1261 3033 ex

310 3064 379 3129 alio
396 3065 504 3130 latere
522 3074 756 3148 emergentes3
785 3073 906 3130 contra
919 3086 1007 3148 quos
1021 3067 1154 3131 viribus
1170 3070 1260 3132 mul·
1291 3092 1293 3097 ·

309 3165 474 3248 tiplicatis
497 3166 708 3243 incedentes,
734 3166 865 3248 praevia
895 3166 962 3230 Dei
988 3168 1115 3247 gratia,
1140 3187 1260 3242 omnes

210 3345 211 3349 Ἰ
308 3266 345 3328 in
362 3265 481 3347 sugam
497 3266 748 3349 compulerunt,
767 3273 802 3339 et
820 3265 921 3349 quasi
936 3285 998 3347 per
1012 3267 1082 3330 duo
1097 3267 1261 3333 milliaria

308 3365 528 3447 insequentes
551 3386 622 3444 eOS,
642 3374 794 3448 stragem
816 3385 885 3429 uon
907 3365 1078 3430 modicam
1101 3366 1260 3431 hostibus

308 3465 501 3529 intulerunt
516 3487 524 3546 3
558 3466 708 3550 indeque
725 3484 802 3529 cum
820 3464 995 3547 triumpho
1010 3465 1055 3529 ad
1072 3473 1189 3531 castra
1203 3468 1260 3532 re·

308 3571 495 3642 vertenteS,
523 3585 602 3629 curn
631 3567 728 3648 equis
756 3572 791 3629 et
821 3565 936 3642 muliS,
964 3566 1117 3643 camelis,
1140 3566 1260 3645 asinis,

308 3665 472 3728 armentis
493 3673 527 3729 et
548 3664 668 3747 spoliis
687 3664 881 3736 uberrimis,
897 3684 975 3748 quae
998 3673 1258 3745 contraxerant,

307 3783 411 3847 agros
427 3763 646 3846 repleverunt
667 3765 941 3847 circumpositos
960 3771 996 3828 et
1019 3765 1204 3849 principes,
1222 3767 1260 3830 in

307 3865 421 3927 victus
446 3865 592 3946 penuria
613 3864 824 3941 laborantes,
842 3865 1010 3927 immensa
1035 3864 1159 3930 laetitia
1177 3885 1259 3948 pro·

308 3962 480 4028 fuderunt.
541 3964 609 4028 Sed
636 3964 798 4046 quoniam
822 3971 930 4028 tantae
961 3964 1175 4029 multitudini
1197 3965 1259 4029 vix'

306 4081 368 4143 per
395 4061 468 4125 dieo
491 4083 620 4146 paucos
642 4064 760 4146 praeda
781 4062 936 4127 sufficere
959 4065 1074 4146 potuit
1099 4064 1258 4146 praefata,

306 4162 490 4243 praevaluit
511 4165 547 4228 in
570 4163 667 4228 brevi
692 4164 778 4228 adeo
804 4163 912 4228 iames
938 4163 975 4227 in
1000 4163 1141 4247 populo,
1164 4164 1258 4246 quod
