2820 4882
196 565 251 605 Δ.1).
262 566 319 606 1138,
339 590 343 598 ·

194 1064 264 1104 Battle
271 1065 334 1104 ottho

195 1115 306 1155 scandere.

355 381 421 446 224
610 394 744 442 aocnnr
770 395 817 440 nn
840 393 1048 442 wnunovnn

357 551 659 636 contempserunt?
714 550 768 615 Ad
783 551 858 614 haec
875 557 992 614 autem
1010 549 1188 633 respondit
1198 549 1312 615 omnis

356 654 506 738 populus
524 653 638 735 gentis
651 651 860 733 Anglorum,
877 657 912 714 et
927 657 1158 715 resonuerunt
1173 657 1310 715 montes

357 754 526 830 01001100,
546 751 693 830 1011000,
712 751 838 814 001003

459 927 508 990 De
523 924 685 1011 conopectrc'
692 922 806 1009 prauo
821 923 902 987 ictor
917 924 1019 988 Scotos
1034 933 1063 988 et
1077 923 1206 1010 Arolos.

427 1050 534 1114 Hunc
564 1049 749 1113 clamorem
782 1046 962 1110 audientes
996 1047 1092 1112 Scoti
1124 1048 1308 1113 vociferati

356 1158 438 1215 sunt
469 1168 586 1213 omnes
618 1149 654 1210 in
683 1146 822 1211 modum
856 1145 1134 1211 muliercularum
1170 1148 1308 1231 insigne

356 1250 507 1332 patrium
522 1246 685 1324 ‘Albani
702 1246 832 1311 Albani
845 1246 867 1326 ς’
895 1245 955 1309 sed
976 1248 1152 1311 extinctus
1167 1255 1221 1312 est
1235 1248 1309 1312 cla·

356 1369 432 1412 mor
458 1349 590 1412 ictuum
618 1346 832 1412 immanitate
862 1352 897 1410 et
929 1344 1069 1410 horrore
1098 1366 1310 1411 concurren-v

357 1449 443 1512 tium
458 1449 619 1511 acierum.
658 1439 806 1509 ¹Turma
821 1444 1063 1522 Loenensium,
1080 1447 1140 1528 qui
1157 1447 1306 1528 gloriam

357 1548 457 1631 primi
482 1548 573 1612 ictus
601 1565 722 1628 aroge
741 1546 802 1610 vix
828 1545 1111 1626 impetraverant,
1139 1565 1308 1628 augmen·

358 1648 441 1710 tatis
479 1647 665 1709 missilibus
705 1652 740 1708 et
783 1644 914 1708 lanceis
945 1644 1169 1726 longissimiS,
1202 1666 1308 1729 super

358 1747 466 1810 aciem
498 1746 652 1827 equitum
680 1743 876 1825 Auglorum
900 1743 1122 1808 loricatorum
1148 1754 1310 1827 potenter

357 1846 501 1921 irruunt,
548 1846 593 1909 ad
634 1856 721 1926 quos
762 1844 863 1926 quasi
903 1862 1002 1906 muro
1043 1844 1154 1909 ferreo
1199 1846 1308 1910 offen-

358 1945 478 2009 dentes
513 1944 792 2027 impenetrabiles
826 1942 1043 2006 invenerunt.
1096 1943 1174 2009 Viri
1192 1953 1309 2009 autem

358 2045 531 2126 sagittarii
558 2043 672 2125 gentis
697 2041 904 2124 Anglorum,
933 2043 1106 2123 equitibus
1131 2045 1308 2125 permixti,

358 2145 466 2207 imbre
493 2145 699 2226 sagittarum
728 2142 852 2206 Scotos
874 2142 1128 2218 obnubilantes
1146 2151 1309 2226 penctra-

357 2244 443 2309 bant
467 2263 538 2320 ece,
567 2263 654 2326 quos
684 2247 886 2324 repererunt
914 2242 1082 2321 inermes3
1113 2250 1189 2308 1010
1211 2263 1308 2307 uam-

360 2364 428 2426 que
459 2363 545 2424 gens
576 2341 770 2424 Anglorum
800 2348 835 2405 et
865 2341 970 2405 decus
1014 2340 1310 2424 Normannorum,

359 2444 489 2506 circum
515 2442 741 2506 standardum
762 2441 983 2523 conglobata,
1004 2443 1167 2505 manebat
1186 2444 1309 2506 immo·

360 2543 439 2607 bilis
455 2541 555 2624 quasi
570 2542 606 2604 in
623 2542 697 2605 acio
713 2560 800 2618 una;
831 2560 1063 2623 percussoque
1080 2560 1163 2604 casu
1177 2542 1310 2624 sagitta

361 2661 494 2705 summo
522 2640 751 2705 Loenensium
772 2640 870 2716 duce,
897 2641 1028 2705 corruit
1059 2640 1134 2722 ipse
1161 2650 1197 2705 01
1222 2662 1309 2724 gens

361 2740 436 2823 ejus
453 2743 529 2805 tota
546 2749 599 2806 est
612 2740 648 2804 in
665 2740 783 2822 fugam
801 2759 979 2805 conversa.
1032 2739 1194 2805 Offensus
1210 2760 1310 2805 uam·

360 2860 427 2922 que
441 2841 538 2905 Deus
553 2841 711 2904 excelsus
726 2846 801 2904 erat
822 2840 857 2902 in
883 2839 944 2915 eis,
962 2838 1053 2902 uude
1071 2841 1183 2903 omnis
1196 2841 1308 2906 virtus

360 2958 489 3018 eorum,
507 2947 673 3022 tanquam
688 2957 892 3003 aranearum
910 2938 992 3015 tela,
1007 2939 1310 3022 confractaperiit

359 3046 395 3102 01
421 3039 566 3118 defecit;
597 3039 688 3122 quod
711 3037 832 3102 videns
858 3037 949 3102 acies
975 3037 1155 3103 Scotorum
1183 3039 1309 3124 major,

359 3158 437 3222 quae
459 3159 505 3203 ex
526 3147 626 3221 parte
642 3139 753 3202 altera
769 3138 934 3201 acerrime
952 3137 1173 3220 confligebat,
1192 3140 1308 3218 animo

358 3238 483 3302 defecit
507 3247 542 3302 et
564 3239 656 3320 fugae
678 3238 921 3301 incunctanter
943 3237 1097 3303 indulsit.
1161 3238 1308 3321 Regalis

358 3346 473 3401 autem
499 3339 603 3414 acies,
628 3357 732 3420 quam
755 3356 801 3400 ex
826 3337 971 3400 diversis
997 3338 1158 3418 gentibus
1178 3340 1309 3403 consti·

358 3444 484 3514 tuerat,
502 3438 658 3503 simulut
674 3436 748 3499 haec
764 3436 864 3511 vidit,
882 3443 1063 3518 coeperunt
1079 3437 1192 3519 primo
1212 3439 1310 3519 sigil-

357 3536 467 3614 latim,
490 3537 612 3600 deinde
637 3556 719 3601 vero
746 3536 950 3600 catervatim
968 3535 1099 3617 fugere,
1124 3556 1206 3619 rege
1232 3538 1308 3621 solo

357 3635 470 3711 adhuc
495 3637 725 3719 persistente3
759 3635 852 3716 quod
884 3636 985 3698 amici
1016 3635 1108 3717 regis
1133 3635 1308 3701 intuentes

357 3742 546 3817 coegerunt
560 3755 637 3799 eum
660 3755 750 3816 equo
769 3753 913 3797 ascenso
933 3734 1064 3816 fugere,
1089 3735 1190 3819 cujus
1214 3736 1307 3801 lilius

355 3834 391 3909 in
407 3835 511 3898 armis
526 3843 697 3909 strenuus,
717 3832 861 3897 aliorum
881 3833 1000 3916 fugam
1021 3853 1090 3898 non
1114 3835 1309 3914 attendens,

356 3935 415 4001 sed
433 3935 497 3999 soli
516 3934 636 4015 gloriae
651 3929 772 3999 virtuti
789 3933 940 4010 inhians,
958 3934 1049 3997 acies
1069 3935 1221 3999 hostium
1244 3936 1309 4000 im·

354 4041 435 4114 petu
460 4035 595 4097 ardenti
620 4033 808 4116 percussit3
835 4032 918 4097 licet
942 4033 1034 4096 illius
1061 4034 1201 4114 agmina
1225 4055 1308 4101 con-

527 4181 535 4212 ¹
545 4184 636 4232 Turmo
648 4183 827 4246 Locrensium]
845 4183 898 4231 'l'he
907 4198 963 4231 men
975 4183 1005 4231 of
1013 4183 1129 4241 Lothiau.
