2820 4882
305 380 369 444 180
552 394 686 443 uocum
711 395 758 440 nu
782 392 990 441 wsuuovnn

144 566 265 606 A·1³1¹¹⁰⁴·
306 553 410 637 Capti
439 561 521 618 sunt
544 553 590 616 ibi
618 570 732 615 comes
755 549 953 612 Edessanus
975 548 1199 613 Baldewinus
1219 555 1255 612 et
1310 601 1316 611 ,

306 655 582 735 consanguineus
613 651 688 735 ejus
722 649 745 713 J
748 649 913 725 ocelinus,
942 649 1156 731 fugientibus
1182 648 1254 711 Bo·

306 754 455 817 amundo
487 760 522 816 et
553 750 733 814 Tancredo
768 768 845 811 cum
880 749 1015 811 duobus
1048 747 1256 830 patriarchis

306 854 415 916 donec
426 853 470 916 ad
486 852 605 915 urbem
622 850 788 913 Edessam
805 848 994 912 incolumes
1011 853 1254 930 pervenerunt.

306 953 405 1016 Tunc
431 952 559 1016 tradita
586 956 640 1013 est
663 949 786 1012 civitas
812 947 992 1011 Edessena
1015 955 1051 1010 et
1075 946 1257 1030 provincia

307 1060 383 1118 tota
397 1053 461 1116 sub
477 1049 635 1114 custodia
651 1048 780 1111 domini
796 1047 979 1125 Tancredi,
996 1047 1106 1111 donec
1127 1046 1255 1110 Balde-

306 1153 418 1216 winus
433 1171 455 1215 a
468 1169 606 1215 carcere
628 1148 831 1212 solveretur.

378 1274 526 1410 Dc'fccto
542 1323 674 1407 quodum
688 1320 879 1386 memorabili
893 1321 1044 1386 hlotildis
1059 1322 1180 1408 rapior.

146 1451 286 1541 wolffg),
359 1443 464 1509 Anno
489 1447 629 1510 Domini
665 1464 750 1510 mcv.
774 1466 837 1510 rex
862 1443 1055 1527 Anglorum
1081 1445 1257 1510 Henricus

148 1551 245 1590 Melle
309 1545 548 1610 transfretavit
578 1546 614 1609 in
648 1546 913 1622 Normanniam,
948 1539 1090 1610 ¹contra
1114 1546 1256 1610 fratrem

310 1664 410 1707 suum
434 1644 555 1708 ducem
578 1646 850 1710 Normannicum
873 1652 1087 1726 certaturus;
1114 1647 1257 1730 conqui-

310 1745 393 1807 sivit
414 1744 521 1826 igitur
537 1743 728 1809 Cadomum
750 1754 787 1810 et
807 1746 975 1809 Baiocum
991 1745 1145 1809 consulis
1168 1766 1256 1809 aux-

310 1843 370 1907 ilio
395 1841 679 1926 'Andegavensis
715 1866 792 1909 cum
827 1845 904 1909 aliis
936 1845 1088 1909 castellis
1126 1846 1257 1923 multis,

310 1951 346 2007 et
377 1963 494 2008 omnes
516 1944 587 2008 fere
620 1965 695 2008 sese
726 1946 800 2027 regi
828 1944 1053 2008 Normanniae
1083 1946 1258 2026 principes

310 2043 548 2108 subdiderunt.
601 2044 729 2109 Eodem
753 2053 907 2127 tempore
923 2044 1052 2121 David,
1074 2045 1182 2109 frater
1204 2064 1258 2107 re-

310 2143 402 2224 ginae
426 2141 619 2225 Anglorum
648 2143 819 2219 Matildis,
842 2144 938 2207 venit
959 2144 995 2206 in
1018 2142 1196 2224 Angliam,
1217 2151 1259 2207 ut

310 2261 462 2307 sororem
477 2264 576 2307 suam
597 2243 774 2322 visitaret3
798 2243 870 2325 qui,
888 2262 965 2306 cum
983 2251 1084 2307 nocte
1107 2244 1257 2326 quadam

310 2342 346 2404 in
371 2343 561 2406 thalamum
583 2343 659 2428 ejus
682 2344 725 2406 ab
747 2343 824 2425 ipsa
845 2350 990 2407 vocatus
1012 2343 1176 2421 venisset,
1197 2344 1259 2408 do-

310 2462 403 2504 mum
420 2443 553 2507 invenit
568 2443 713 2526 leprosis
734 2445 883 2525 plenam,
900 2451 936 2507 et
950 2443 1070 2524 regina
1091 2443 1128 2506 in
1145 2444 1260 2508 media

311 2548 421 2618 stans,
452 2542 610 2624 deposito
641 2543 760 2625 pallio,
789 2544 897 2608 linteo
919 2562 957 2606 se
985 2543 1182 2625 praecinxit,
1210 2552 1259 2621 et,

311 2660 403 2724 aqua
419 2641 594 2725 imposita,
612 2643 720 2724 coepit
736 2642 855 2707 lavare
877 2642 982 2726 pedes
1005 2662 1122 2707 eorum
1145 2650 1180 2708 et
1197 2663 1260 2707 ex·
1297 2643 1302 2656 '

310 2748 446 2822 tergere
474 2741 593 2818 linteo,
617 2746 653 2806 e't
682 2743 840 2824 utrisque
864 2742 1023 2805 manibus
1052 2743 1260 2808 constrictos

311 2842 419 2923 coepit
443 2840 664 2906 devotissime
685 2842 854 2905 osculari.
903 2841 969 2906 Cui
999 2841 1117 2919 frater,
1141 2842 1258 2921 ‘Quid

310 2948 365 3005 est
389 2941 481 3024 quod
514 2941 601 3022 agis,
624 2942 655 3006 Ο
679 2941 819 3006 domina
850 2944 950 3005 meai
990 2940 1105 3020 Certe,
1133 2943 1162 3005 si
1194 2963 1258 3008 rex

311 3041 415 3104 sciret
430 3041 511 3116 ista,
525 3061 699 3122 nunquam
717 3042 917 3122 dignaretur
933 3061 972 3106 os
990 3025 1087 3105 tuum
1102 3042 1259 3124 leproso-

311 3161 386 3203 rum
409 3140 534 3222 pedum
562 3141 642 3204 tabe
667 3140 838 3223 pollutum
859 3141 932 3204 suis
951 3141 1052 3205 labiis
1075 3142 1226 3207 osculari
1238 3143 1259 3223 ;’

311 3248 347 3303 et
357 3240 419 3305 illa
430 3239 610 3303 subridens
622 3241 703 3316 'ait‘
715 3239 850 3317 Pedes,’
859 3240 984 3324 inquit,
997 3240 1125 3322 ‘Regis
1137 3243 1259 3307 aeterni

311 3340 388 3420 quis
412 3339 522 3404 nescit
543 3339 644 3402 labiis
670 3341 761 3421 regis
792 3340 951 3403 morituri
974 3360 1050 3404 esse
1073 3339 1260 3423 praeferen-

312 3437 399 3501 dosl
461 3439 550 3503 Ecce
572 3459 638 3520 ego
660 3441 795 3503 idcirco
806 3441 931 3504 vocavi
948 3446 995 3516 te,
1020 3439 1129 3503 frater
1151 3442 1258 3505 caris·

311 3537 409 3614 sime,
434 3545 474 3602 ut
495 3539 655 3621 exemplo
677 3540 744 3605 mei
766 3539 853 3603 talia
874 3538 989 3603 discas
1012 3540 1175 3621 ope'rari3v
1191 3540 1261 3620 fac,

312 3658 409 3719 rogo,
432 3637 525 3718 quod
548 3659 602 3702 me
624 3638 738 3702 facere
763 3639 908 3702 intueris
927 3639 948 3717 ;’
971 3639 1027 3702 cni
1053 3659 1130 3703 cum
1152 3640 1261 3706 frater

312 3738 558 3820 respondisset,
582 3757 619 3801 se
641 3738 737 3801 nullo
760 3737 861 3802 modo
884 3738 970 3801 talia
992 3738 1178 3817 facturum,
1199 3741 1261 3807 illa

348 3951 591 4024 'Contrasrutrem.]
605 3957 717 4020 Henry’s
729 3973 773 4007 ex·
795 3958 848 4006 him
864 3961 890 4004 to
905 3962 1002 4019 protect
1017 3958 1085 4008 them
1102 3960 1203 4022 against
1218 3961 1261 4011 the

311 4027 422 4076 cusator
435 4028 541 4089 passing
558 4028 610 4076 into
624 4027 773 4088 Normandy
796 4028 849 4076 earl
867 4027 897 4076 of
915 4029 1026 4077 Mortain
1045 4029 1096 4077 and
1118 4030 1212 4080 Robert
1228 4032 1261 4081 de

311 4110 366 4144 was
383 4102 408 4146 to
427 4097 487 4145 lend
503 4097 642 4146 assistance
660 4102 686 4145 to
704 4112 772 4146 some
797 4097 924 4147 Belesme.
941 4097 1057 4148 Orderic.
1069 4100 1149 4149 vital.
1161 4116 1187 4163 p.
1204 4105 1263 4164 sm,

311 4166 340 4214 ol
358 4165 400 4215 the
421 4166 518 4227 nobles,
535 4167 593 4216 who
610 4166 661 4214 had
678 4167 774 4217 invited
797 4181 861 4230 seqq.
