2820 4882
379 408 519 456 scopus
543 406 814 455 ursronmnuu.
1001 391 1066 456 427

115 585 177 628 rex
198 565 411 630 Francorum
427 571 463 629 et
480 563 676 648 Philippus,
693 584 808 630 comes
832 565 1203 645 Flandrensis,s.n.1¹⁸⁸·

115 684 251 731 crucem
266 671 440 729 sumentes
449 665 646 748 exemplum
660 665 738 729 aliis
752 665 969 748 potissimum
980 686 1071 749 prae-

115 767 285 844 buerunt3
311 765 403 828 unde
418 772 489 829 tarn
511 765 548 828 in
567 765 724 848 imperio,
739 785 842 849 quam
858 766 901 829 de
919 774 1069 850 utroque

117 885 227 948 regno
243 883 364 946 regum
385 864 640 947 praedictorum,
657 863 919 949 archiepiscopi,
937 868 1071 949 episco-

117 966 167 1049 pi,
185 964 302 1042 duces,
323 962 537 1029 marchiones
564 973 600 1030 et
623 966 779 1043 comites,
800 967 960 1042 barones,
982 967 1070 1030 mili·

118 1072 172 1130 tes
193 1072 229 1129 et
247 1065 370 1129 mediae
388 1083 513 1129 manus
535 1063 690 1129 homines
711 1066 906 1148 vulgusque
925 1067 1072 1148 promis-

120 1185 223 1230 cuum
243 1183 379 1228 crucem
400 1165 589 1231 animosius
605 1172 842 1248 susceperunt.
887 1165 1071 1230 Provisum

122 1274 176 1330 est
191 1266 297 1330 etiam
318 1265 501 1343 intereos,
524 1271 564 1329 ut
586 1283 705 1329 omnes
725 1266 768 1329 de
787 1285 896 1348 regno
920 1266 1073 1330 Franco·

122 1385 197 1430 rum
229 1383 349 1429 cruces
379 1365 517 1441 rubeas,
549 1365 593 1428 de
622 1364 724 1428 terris
754 1366 847 1447 regis
878 1364 1073 1447 Anglorum

122 1466 232 1543 albas,
255 1465 298 1530 de
325 1471 419 1528 terra
443 1463 580 1530 comitis
612 1464 837 1530 Flandrensis
858 1466 986 1531 virides
1013 1465 1075 1530 ha·

123 1566 244 1631 berent
260 1582 392 1630 cruces.
441 1565 496 1630 De
518 1565 620 1629 terris
643 1571 772 1644 autem,
792 1566 945 1631 castellis
965 1573 1001 1630 et
1020 1585 1074 1630 re-

125 1666 190 1730 bus
222 1666 380 1728 omnibus
407 1683 518 1748 usque
545 1671 689 1748 peracta
719 1666 1009 1748 peregrinatione,
1039 1672 1074 1730 et

125 1765 269 1848 quilibet
292 1784 411 1828 eornm
436 1766 587 1830 interra
611 1784 676 1828 sua
698 1766 930 1848 quadraginta
954 1766 1075 1829 diebus

124 1884 255 1928 moram
287 1865 437 1942 fecisset,
469 1865 586 1929 omnia
613 1872 729 1930 essent
752 1867 788 1929 in
815 1885 856 1929 eo
884 1871 1076 1948 statuque

124 1964 264 2029 fuerunt
276 1965 314 2028 in
331 1964 386 2028 die
402 1983 471 2048 quo
488 1984 624 2028 crucem
639 1972 876 2049 susceperunt.

127 2156 230 2236 Quare
245 2153 438 2233 diodoridis,
454 2175 547 2219 coum
559 2153 782 2231 Pictoot'aosis,
798 2153 938 2218 dcimam
954 2174 1044 2218 sumn
1057 2175 1080 2218 o

450 2263 547 2340 patre
560 2254 755 2318 olietrooerit.

178 2372 295 2444 Circa¹
314 2379 388 2443 dies
405 2378 492 2443 istos
508 2376 700 2442 Gaufridus
715 2377 757 2440 de
776 2376 953 2440 Liriniaco
969 2396 1078 2459 quen·
1092 2391 1199 2434 eumn

128 2479 207 2543 dam
243 2479 431 2555 RichardQ
464 2478 582 2542 comiti
619 2476 843 2553 Pictaviensi,
875 2476 1079 2542 familiarem
1091 2443 1172 2484 ἥψω

128 2579 272 2644 structis
300 2578 435 2643 insidiis
462 2577 658 2656 interfecit3
688 2577 725 2641 in
747 2575 838 2641 tanti
863 2595 947 2640 vero
976 2577 1079 2641 ultio-

129 2699 206 2743 nem
234 2679 351 2743 delicti
374 2697 489 2742 comes
516 2678 560 2741 ad
581 2696 678 2742 arma
694 2683 916 2760 provocatur,
939 2677 999 2742 sed
1022 2696 1081 2741 ac·

128 2786 240 2862 ceptae
268 2779 379 2843 crucis
410 2798 481 2843 non
503 2778 682 2842 immemor
702 2777 860 2842 omnibus
886 2776 1081 2842 hominibus

131 2878 293 2944 Gaufridi
309 2878 422 2944 crucis
439 2878 619 2960 signaculo
636 2877 793 2959 insigniri
810 2877 1005 2941 volentibus
1022 2897 1083 2959 pe-

131 2980 253 3062 percit,
281 2978 368 3042 alios
392 2979 428 3042 in
456 2998 515 3043 ore
543 2977 651 3060 gladii
679 2975 864 3053 interfecit,
896 2983 932 3040 et
960 2977 997 3039 in
1022 2976 1082 3040 de·

132 3080 296 3144 ditionem
318 3079 420 3161 plura
436 3078 581 3143 castella
600 3077 773 3159 suscepit3
796 3075 858 3140 sed
878 3074 1082 3154 Gaufridus,

132 3180 224 3261 regis
242 3177 438 3261 Anglorum
459 3178 568 3242 fultus
590 3178 738 3261 pecunia
753 3184 789 3241 et
811 3176 954 3253 auxilio,
974 3183 1014 3240 ut
1031 3176 1082 3239 di·

133 3281 288 3354 cebatur,
311 3278 487 3343 Richardo
510 3279 628 3342 comiti
649 3276 776 3341 restitit
799 3283 834 3341 et
855 3295 978 3359 parum
1001 3295 1082 3358 pro·

132 3379 226 3457 iecit,
250 3379 341 3443 unde
366 3380 458 3444 idem
487 3398 602 3443 comes
630 3377 782 3442 animum
809 3396 910 3441 suum
936 3395 958 3439 a
983 3385 1083 3458 patre

133 3480 309 3544 alienavit.
348 3478 517 3543 Gaufrido
541 3479 661 3560 itaque
680 3484 857 3560 superato,
879 3495 994 3541 comes
1013 3483 1083 3540 tor-

132 3600 207 3644 ram
227 3580 362 3644 comitis
378 3579 570 3644 Tholosani
592 3577 763 3643 hostiliter
784 3576 974 3659 ingressus,
993 3576 1084 3660 inju-

133 3681 243 3743 riatus
263 3681 307 3743 ab
324 3680 412 3762 ipso,
430 3681 524 3744 intra
540 3681 643 3744 breve
660 3677 826 3760 temporis
841 3677 992 3760 spatium
1009 3695 1085 3741 cas-

134 3780 218 3843 tella
240 3781 316 3864 ejus
339 3779 572 3863 septendecim
598 3777 811 3862 subjugavit.
865 3777 946 3840 Rex
969 3783 1084 3840 autem

136 3880 349 3955 Francorum
375 3879 516 3961 indigne
539 3880 652 3943 ferens
674 3877 768 3960 quod
796 3895 911 3941 comes
940 3876 1086 3941 Richar-

136 3980 201 4043 dus
226 3987 354 4044 terram
377 3980 512 4046 comitis
537 3978 728 4043 Tholosani
749 3979 925 4060 ingressus
952 3976 1088 4054 fuisset,
1203 4058 1205 4061 Ι

257 4207 264 4238 ¹
279 4208 352 4258 Circa
363 4207 415 4258 diet
427 4202 509 4276 istoc]
527 4206 659 4270 Abridged
670 4205 732 4256 from
744 4206 845 4267 Diceto,
856 4205 905 4256 col.
917 4208 974 4255 639.
