2820 4882
357 415 496 464 roccus
519 414 790 466 ursroarsauu.
1006 400 1049 466 41

91 568 200 653 juxta
222 572 510 638 consuetudinem
527 572 563 636 in
579 572 732 655 capitulo
757 572 948 639 considere.
1000 575 1051 640 At
1063 594 1119 638 so.
1130 596 1188 636 ror.

95 671 298 737 cellararius
320 673 385 737 tali
398 673 532 738 visione
554 675 758 755 perterritus
779 674 900 757 fugere
923 674 1050 759 coepit;

15 766 18 774 '
91 771 169 847 sed,
185 773 312 837 abbate
321 772 480 856 jubente,
505 793 527 837 a
548 773 712 837 fratribus
735 783 860 857 captus
883 783 993 840 estet
1015 778 1051 839 in

91 871 291 953 capitulum
313 873 493 938 adductus.
547 873 754 956 increpatus
774 894 858 956 ergo
881 884 915 940 et
934 877 1052 957 gravi·

90 980 149 1035 ter
166 972 317 1055 flagellis
334 973 481 1037 afflictus
499 973 633 1037 audivit
650 975 810 1038 abbatom
827 974 940 1040 dicere
957 996 1052 1040 com·

92 1072 277 1151 minando,
310 1073 413 1137 nimis
439 1093 515 1137 esse
537 1082 853 1156 praesumptuosum
877 1075 919 1138 de
942 1084 1053 1140 morte

92 1172 243 1236 alterius
279 1174 475 1256 quempiam
508 1174 642 1237 lucrum
677 1192 845 1256 quaerere,
878 1177 1053 1259 praecipue

94 1290 180 1335 cum
200 1274 289 1336 mori
316 1275 476 1337 omnibus
495 1275 541 1337 sit
561 1292 763 1352 commune3
787 1274 920 1339 addidit
936 1277 1052 1353 etiam,

95 1373 246 1454 impium
278 1393 366 1451 esse,
397 1393 475 1437 cum
507 1374 696 1437 monachus
724 1394 859 1438 omnem
886 1378 992 1439 vitam
1016 1377 1053 1439 in

97 1474 337 1537 ecclesiastico
367 1475 618 1556 consumpserit
643 1473 767 1551 officio,
798 1475 894 1538 illum
929 1477 1053 1540 saltem

98 1582 353 1654 postmortem
382 1575 484 1637 unius
511 1574 593 1637 anni
618 1574 716 1637 vitali
747 1574 943 1638 defraudari
971 1577 1053 1639 sub·

100 1673 190 1737 sidio
209 1693 218 1752 ;
242 1671 389 1750 ‘Vada'
404 1674 518 1755 inquit
536 1674 680 1750 abbas,‘
700 1675 782 1756 quia
800 1676 868 1740 cito
886 1677 1053 1753 morieris,

101 1781 136 1837 et
153 1773 282 1837 fratres
306 1774 393 1837 alios
415 1781 477 1837 tuo
503 1774 637 1855 corrige
663 1775 834 1856 exemplo,
856 1794 944 1857 quos
969 1794 1053 1840 ava·

103 1874 193 1936 ritiae
219 1874 405 1956 corrupisti
434 1873 664 1938 documento?
718 1872 814 1938 Abiit
841 1894 924 1956 ergo
947 1875 1054 1939 irater

102 1973 159 2036 illc
186 1973 231 2036 ad
260 1974 373 2036 socios
399 1993 493 2049 suos,
519 1981 555 2037 et
581 1973 665 2036 nihil
684 1975 849 2038 vanitatis
873 1995 911 2037 se
926 1975 1054 2037 vidisse

106 2081 175 2136 tam
210 2075 408 2137 recentibus
441 2074 555 2156 plagis
584 2093 687 2154 quam
713 2075 827 2137 vicino
859 2093 922 2136 suo
957 2076 1054 2139 obitu

106 2174 365 2239 demonstravit.

105 2311 111 2415 ἶ
168 2344 237 2407 Bac
260 2342 432 2406 thtetmos
446 2341 623 2425 infirmatos
637 2339 872 2404 emendationem
887 2338 984 2424 boon

498 2441 656 2526 promisit.

154 2567 262 2632 Anno
286 2567 429 2631 Domini
448 2584 570 2631 Mxou.
591 2559 804 2630 ¹Wilieimus
824 2565 943 2649 junior
965 2565 1058 2647 apud
1070 2583 1127 2673 au(i
1136 2584 1197 2672 roosi

110 2667 336 2732 Gloverniam
375 2667 517 2750 jacebat
558 2673 724 2748 aegrotus,
769 2665 1058 2748 quadragesimali
1070 2635 1186 2732 iiiiii?

108 2776 260 2852 tempore
290 2767 493 2831 infirmatus.
548 2766 713 2830 Promisit
743 2786 816 2843 rex,
840 2785 912 2849 prae
936 2767 1058 2830 timore

109 2870 228 2933 mortis
253 2875 289 2932 et
311 2867 527 2948 aegritudinis
549 2867 805 2949 punctionibus,
830 2886 905 2931 sese
932 2885 1059 2949 pravas

108 2968 202 3050 leges
233 2968 495 3053 emendaturum
519 2974 555 3031 et
581 2968 617 3029 in
644 2966 746 3030 domo
773 2966 914 3030 Domini
938 2986 1058 3048 pacem

108 3069 322 3149 positurum3
340 3061 353 3098 ²
359 3088 428 3151 qua
441 3068 483 3131 de
497 3085 603 3131 causa
619 3067 713 3129 dedit
728 3065 1059 3149 archiepiscopatum

104 3167 395 3232 Cantuariensem
421 3164 588 3231 Anselmo
620 3167 737 3229 abbati
772 3167 950 3242 Beccensi,
983 3168 1059 3231 viro

108 3268 309 3345 venerabili,
336 3275 442 3350 atque
465 3261 477 3298 ³
489 3268 656 3343 Roberto,
689 3274 917 3347 cognomento
945 3265 1059 3339 Dicet,

109 3368 315 3432 cancellario
344 3387 421 3445 suo,
453 3367 547 3431 dedit
574 3367 811 3449 episcopatum
840 3364 1059 3429 Lincolnien-

109 3489 179 3531 sem
194 3489 202 3548 ;
227 3468 287 3531 sed
303 3487 378 3545 rex,
394 3488 440 3532 ex
458 3487 527 3550 quo
543 3486 650 3530 sanus
671 3465 813 3530 effectus
828 3474 893 3542 est,
909 3465 1060 3530 ostendit

110 3589 145 3631 se
169 3569 274 3632 solito
289 3568 505 3632 deteriorem.
559 3567 681 3631 Doluit
697 3567 786 3629 enim
802 3584 908 3648 supra
922 3565 1060 3629 modum

109 3669 201 3751 quod
219 3669 457 3751 episcopatum
472 3667 748 3731 Lincolniensem
765 3685 835 3728 non
848 3665 1060 3742 vendiderat,

110 3769 284 3851 praecipue
300 3788 342 3831 eo
355 3768 448 3850 quod
464 3768 629 3842 Thomas,
648 3765 879 3829 Eboraceusis
895 3764 1060 3847 archiepi-

144 3944 574 4016 'Willelmas.]‘RoxWilielmus,'
601 3962 653 4007 see,
664 3947 712 3996 but
727 3947 782 3996 that
802 3948 844 3996 tha
861 3947 924 4010 king
933 3947 1020 3997 whilst
1036 3947 1063 3998 in

109 4025 141 4073 c,
601 4017 687 4066 health
709 4018 760 4066 had
782 4018 884 4067 refused
902 4024 927 4067 tc
945 4019 1020 4067 listen
1037 4023 1063 4067 to

143 4090 154 4123 ²
167 4093 225 4147 Quo
236 4093 265 4140 de
276 4085 371 4157 eausa]
389 4092 499 4140 Eadmer
516 4103 575 4150 says
602 4088 644 4136 the
657 4089 783 4148 proposal.
824 4089 892 4138 Hist.
905 4089 972 4137 Nov.
984 4104 1010 4149 p.
1023 4092 1063 4136 15.

108 4163 165 4212 that
189 4163 295 4213 Anseim
321 4162 372 4210 had
400 4164 463 4211 been
491 4159 576 4208 before
640 4153 767 4206 ³Rooerto
780 4193 787 4208 .
800 4193 807 4207 .
820 4195 827 4208 .
840 4160 933 4222 Dicet]
952 4159 993 4206 He
1005 4157 1065 4205 died

111 4232 203 4282 named
222 4247 252 4281 as
268 4248 283 4281 a
300 4233 328 4280 iit
344 4246 434 4293 person
445 4237 471 4280 to
482 4232 517 4279 fill
535 4229 584 4278 the.
605 4242 638 4275 on
649 4227 691 4276 the
704 4228 762 4277 loth
775 4227 803 4277 ci
810 4229 925 4290 Jauuary
939 4231 1011 4278 1123.
