2820 4882
386 403 525 452 anonas
549 402 821 453 ursroaraauu.
1013 385 1079 455 377

127 561 304 626 vissimam
327 563 590 646 compulerunt;
613 561 705 645 quod
721 562 876 627 videntes
893 561 1080 648 justiciarii
1092 575 1215 617 alt-¹¹⁷⁴·

127 661 277 744 regisde
292 664 436 727 oonsilio
450 663 623 727 communi
637 662 806 726 miserunt
821 662 865 725 ad
881 682 997 745 regem
1017 663 1081 727 Ri-

128 761 306 840 chardum,
328 760 605 827 wintoniensem
634 762 794 839 electum,
825 760 885 844 qui
914 762 1080 845 pericula,

128 880 207 943 quae
221 860 361 942 Angliae
381 861 619 938 imminebant,
637 860 785 925 fideliter
801 860 996 942 intimaret3
1020 863 1080 944 qui

128 960 287 1024 celeriter
301 962 337 1025 in
354 960 606 1026 Normauniam
623 966 854 1037 transvectus,
869 960 985 1025 omnia
1001 981 1080 1044 quae

127 1060 257 1125 fiebant
273 1059 309 1123 in
324 1060 467 1143 Anglia,
483 1067 617 1124 remota
632 1059 797 1137 falsitate,
812 1060 979 1124 narravit.

148 1232 238 1319 Quod
249 1253 303 1297 rar
317 1233 437 1298 orobos
450 1232 487 1297 iu
499 1232 652 1318 Aopliam
663 1231 781 1298 boatum
799 1231 945 1296 ibwrem
956 1232 1066 1318 pretio

461 1333 742 1418 mationbpotioit.

181 1449 278 1520 Rex¹
299 1463 416 1520 autem
438 1456 545 1521 talem
567 1457 727 1520 nuntium
746 1456 864 1521 debita
880 1476 959 1521 cum
978 1476 1081 1522 vene-
1092 1471 1209 1562 mm

129 1557 264 1620 ratione
285 1556 477 1638 suscipiens
495 1562 530 1619 et
551 1575 589 1620 se
611 1556 655 1620 ad
678 1555 973 1621 transfretandum
994 1577 1081 1640 prae·
1093 1573 1196 1623 mnne.

129 1674 271 1740 parans,
296 1655 452 1738 reginam
476 1654 622 1719 Alienor
649 1657 873 1738 reginamque
898 1657 1080 1738 Margare-

130 1764 216 1833 tam,
246 1755 356 1819 filium
386 1761 421 1818 et
445 1754 552 1818 filiam
581 1754 778 1819 Johannem
805 1762 841 1820 et
868 1755 892 1820 J
895 1756 1080 1834 ohannem,

131 1875 250 1920 secum
272 1854 443 1934 adduxit3
474 1854 635 1918 comitem
664 1874 802 1938 quoque
833 1855 1081 1937 Legecestren·

131 1975 204 2018 sem
236 1961 272 2018 et
302 1953 515 2019 comitissam
546 1954 702 2036 aliosque
727 1955 963 2037 quamplures,
991 1973 1079 2036 quos

130 2054 282 2119 habebat
301 2053 337 2116 in
358 2053 519 2131 vinculis,
540 2060 621 2118 ante
640 2053 762 2118 saoiem
782 2072 881 2117 suam
902 2054 1080 2118 Barbetiu-

132 2155 226 2218 vium
258 2154 435 2236 praemisit,
466 2153 537 2232 ubi,
560 2153 709 2218 navibus
741 2154 975 2236 congregatisr,
1001 2173 1080 2217 eum

132 2255 314 2318 innumera
337 2259 548 2318 armatorum
574 2253 675 2335 eopia
698 2253 845 2336 impiger
868 2272 975 2318 naves
997 2272 1080 2317 con·

133 2354 278 2429 scendit,
296 2353 499 2417 sedveritus
517 2353 554 2416 in
576 2353 785 2416 contrarium
806 2353 947 2416 veniens
967 2360 1081 2417 trans*

132 2453 219 2516 itum
247 2472 289 2517 eo
315 2450 371 2515 die
399 2452 515 2516 nautis
543 2450 708 2516 reddebat
733 2459 944 2534 suspectum.
993 2450 1080 2516 Cum

133 2560 248 2616 autom
264 2570 360 2615 mare
377 2569 439 2614 rex
457 2550 693 2615 turbulentum
708 2552 942 2633 cognovisset,
959 2552 1082 2616 erectis

133 2654 170 2716 in
200 2651 323 2715 caelum
346 2651 544 2728 luminibus,
566 2651 683 2733 palam
705 2652 839 2715 cunctis
867 2652 929 2729 ait,
955 2651 1018 2716 ‘Si
1040 2671 1083 2719 ea

133 2771 212 2835 quae
237 2751 282 2814 ad
304 2769 425 2833 pacem
451 2756 533 2814 sunt
558 2749 640 2814 cleri
667 2758 703 2813 et
732 2751 852 2833 populi
875 2751 1020 2815 habeam
1045 2752 1082 2815 in

132 2850 325 2933 proposito,
350 2850 380 2912 si
406 2869 527 2932 paoem
555 2849 591 2912 in
616 2848 768 2914 adventu
792 2869 869 2914 meo
895 2850 978 2914 dare
1002 2851 1083 2917 Rex

133 2950 296 3014 caelorum
318 2947 538 3031 disposuerit,
561 2955 645 3012 tune
669 2969 733 3031 pro
758 2955 821 3012 sua
848 2948 1083 3014 misericordia

131 3048 313 3129 indulgeat
335 3048 418 3111 mihi
439 3055 578 3130 portum
603 3047 746 3129 salutis3
769 3049 799 3110 si
824 3055 940 3110 autem
963 3049 1083 3112 adver·

134 3167 194 3212 sus
213 3148 318 3212 suerit
338 3154 373 3211 et
395 3167 538 3230 regnum
556 3148 592 3210 in
609 3146 711 3228 virga
732 3147 857 3210 luroris
879 3146 1017 3227 Angliae
1032 3146 1082 3211 vi·

134 3249 240 3312 sitare
267 3247 469 3324 decreverit,
495 3265 670 3329 nunquam
695 3247 779 3310 mihi
806 3245 973 3310 concedat
996 3247 1082 3313 fines

135 3347 306 3428 attingere
334 3345 506 3428 regionis?
561 3345 727 3410 Oratione
753 3347 871 3428 itaque
899 3346 1082 3428 completa,

134 3446 210 3529 ipso
241 3445 297 3509 die
322 3445 511 3528 tranquilla
533 3445 754 3527 navigatione
782 3465 1000 3509 cumrerum
1029 3447 1083 3510 in-

128 3542 323 3610 'demnitate
339 3544 384 3607 ad
401 3552 539 3627 portum
558 3543 729 3609 Hamonis
746 3546 934 3628 applicuit;
961 3545 1083 3612 deiude

134 3647 170 3709 in
192 3664 282 3727 pane
299 3643 463 3729 jejunans
486 3651 520 3707 et
545 3663 636 3726 aqua
657 3645 701 3707 ab
723 3646 882 3726 ingressu
901 3646 1082 3711 civitatum

134 3745 313 3822 abstinuit,
341 3763 521 3826 quousque
542 3750 627 3809 vota
652 3744 848 3808 orationum
873 3744 1085 3826 persolveret

135 3859 251 3907 mente
273 3850 441 3925 concepta
462 3844 564 3907 beato
584 3843 739 3920 Thomas,
763 3842 1005 3908 cantuariensi
1027 3863 1083 3906 ar·

136 3943 355 4026 cbiepiscopo
389 3961 430 4006 ac
463 3944 607 4028 martyri
633 3943 796 4024 glorioso.
859 3942 946 4006 Cum
969 3950 1084 4006 autem

189 4151 197 4184 ¹
207 4155 264 4203 Rex
275 4147 378 4220 autern]
390 4153 492 4215 Diceto,
500 4154 549 4204 col.
562 4157 627 4215 5⁷63
644 4167 761 4214 compare
773 4152 924 4215 Quadrilog.
933 4169 960 4215 p.
974 4157 1030 4205 15⁰.
