2820 4882
402 403 541 450 neonus
564 403 833 454 ursnoarnaun.
1028 388 1094 455 827

138 556 347 636 quiesceret,
370 559 539 623 sanctitas
555 567 684 637 vestra,
707 580 785 642 quae
808 560 875 625 huc
897 581 1007 644 usqne
1029 583 1092 645 pa·
1103 581 1158 620 Α».
1170 583 1226 622 ¹1⁰⁸.

143 655 269 718 tienter
295 657 473 735 sustinuit,
500 658 646 722 ulterius
667 661 703 723 in
726 661 896 741 patientia
919 663 1089 727 sustinere
1101 631 1211 720 ir‘it'iio

142 772 212 817 uon
241 764 371 836 posset.
426 756 508 838 Ipse
542 777 625 822 vero
657 758 903 823 correctionem
934 731 1230 825 nostramfflm‘

143 852 254 917 multa
286 856 478 935 gratiarum
515 857 652 923 wtione
684 858 878 939 suscipiens
911 859 1088 942 multaque

141 952 248 1015 animi
268 953 439 1018 modestia
458 964 709 1038 consequenter
730 956 776 1019 ad
791 957 931 1038 singula
946 977 1088 1040 respon·

141 1051 212 1130 dit;
241 1051 278 1115 in
298 1053 418 1134 primis
435 1073 605 1131 asserens,
625 1062 773 1120 mentem
786 1074 885 1119 snam
901 1057 1035 1121 avobis
1048 1076 1087 1121 se

142 1149 340 1215 nullatenus
354 1153 535 1229 avertisse,
553 1173 616 1217 nec
634 1153 671 1216 id
688 1172 840 1235 unquam
862 1155 987 1219 mentis
1006 1174 1086 1237 pro·

142 1249 256 1329 posito
270 1251 481 1333 concepisse,
499 1252 595 1332 quin,
610 1253 692 1316 dum
715 1261 894 1332 paternam
917 1253 983 1317 sibi
1005 1273 1088 1333 gra·

142 1348 226 1412 tiam
250 1349 489 1427 exhibueritis,
506 1370 571 1415 vos
585 1358 626 1415 ut
644 1358 776 1432 patrem
795 1351 919 1434 diligat
934 1360 970 1415 et
985 1371 1085 1415 sanc·

142 1455 214 1511 tam
245 1447 441 1513 Romanam
471 1449 652 1514 ecclesiam
680 1456 862 1514 veneretur
892 1457 928 1514 et
957 1450 1086 1528 tbveat,

142 1553 177 1609 et
191 1547 299 1609 sacris
313 1546 530 1630 jussionibus
546 1548 683 1624 vestris,
698 1548 798 1613 salva
812 1549 878 1613 sibi
893 1566 957 1613 sua
972 1551 1086 1630 regni·

139 1663 210 1725 que
239 1646 295 1708 sui
316 1645 497 1728 dignitate,
519 1647 694 1712 humiliter
712 1648 925 1729 obtemperet
949 1655 985 1711 et
1005 1649 1084 1712 obe-

140 1743 240 1823 diat;
273 1745 367 1827 quod
391 1744 421 1809 si
441 1766 504 1810 vos
521 1747 597 1830 jam
623 1745 824 1829 aliquandiu
844 1767 914 1812 non
934 1748 1088 1828 respexit

141 1843 247 1906 solita
271 1845 479 1922 reverentia,
496 1846 586 1910 banc
605 1844 710 1928 hujus
731 1846 782 1909 rei
798 1865 940 1911 causam
963 1846 1088 1910 asserit

140 1959 228 2017 esse,
247 1943 350 2024 quod,
377 1962 456 2007 cum
471 1945 571 2008 vobis
590 1944 628 2009 in
647 1946 854 2008 necessitate
875 1951 950 2009 toto
973 1944 1088 2020 corde,

140 2047 219 2104 tota
238 2047 366 2118 mente,
387 2043 469 2106 totis
488 2043 619 2109 viribus
640 2042 827 2119 adstiterit,
844 2043 911 2107 sibi
933 2049 1088 2124 postmo-

140 2140 223 2202 dum
238 2140 275 2203 in
290 2140 496 2208 necessitate
513 2162 576 2224 per
596 2142 738 2207 nuntios
758 2140 949 2204 recurrenti
966 2140 1089 2204 advos
1121 2190 1126 2195 .

139 2239 245 2320 digne
261 2259 324 2320 pro
340 2241 472 2305 meritis
487 2247 604 2306 vestra
620 2240 789 2305 sanctitas
804 2259 873 2303 non
898 2238 1088 2319 respondit,

138 2338 200 2401 sed
217 2337 254 2402 in
269 2339 363 2403 omni
384 2339 456 2403 fere
476 2338 642 2420 petitione
654 2357 719 2403 sua
735 2357 774 2401 se
789 2337 963 2420 repulsam
979 2338 1085 2402 susti·

137 2437 256 2500 nuisse
271 2437 493 2521 conqueritur
503 2445 539 2502 et
553 2437 736 2501 erubescit.
780 2437 834 2501 De
850 2444 996 2519 paterna
1006 2455 1088 2501 con·

138 2537 223 2601 fisus
246 2538 373 2617 gratia,
391 2555 470 2618 quac
484 2536 605 2612 filium,
620 2555 698 2600 omn
713 2536 820 2613 volet,
838 2537 993 2610 exaudit,
1009 2536 1086 2601 vul·

139 2644 196 2699 tus
217 2654 362 2716 sperans
375 2643 412 2699 et
424 2642 634 2718 exspectans
647 2633 812 2712 laetiores,
827 2635 864 2701 in
880 2636 974 2701 beati
990 2633 1087 2700 Petri

139 2742 175 2797 et
190 2740 317 2810 vestra,
332 2740 372 2798 ut
388 2733 519 2798 dictum
541 2742 607 2812 est,
628 2733 795 2798 fidelitate
815 2734 982 2799 immobili
1003 2753 1086 2798 con·

137 2833 270 2896 stantia
286 2841 505 2913 perseverat3
529 2833 644 2908 idest,
663 2832 756 2916 quod
772 2832 993 2897 sanctitatem
1012 2852 1088 2897 ves·

139 2940 228 2995 tram
245 2931 388 2996 visitare
409 2931 583 2997 volentem
600 2931 730 2997 nullum
750 2950 893 3011 prorsus
909 2931 1086 3013 impediet,

136 3030 198 3093 sed
215 3049 291 3106 nec,
309 3037 349 3094 ut
364 3031 500 3104 asserit,
520 3029 688 3095 hactenus
707 3029 899 3110 impedivit.
945 3023 1006 3092 ¹ln
1023 3047 1087 3109 ap·

137 3127 395 3211 pellationibus,
408 3148 453 3193 ex
474 3129 619 3210 antiqua
636 3127 733 3210 regni
750 3128 805 3189 sui
827 3126 1088 3203 consuetudine,

136 3228 171 3309 id
192 3227 259 3290 sibi
279 3227 315 3290 in
340 3228 390 3292 eis
409 3228 572 3292 vendicat
595 3235 632 3292 et
651 3225 804 3303 honoris,
824 3232 864 3288 ut
883 3226 928 3290 ob
951 3224 1088 3289 civilem

137 3344 279 3390 cansam
309 3325 425 3391 nullus
455 3326 658 3391 clericorum
689 3325 788 3406 regni
817 3323 886 3400 sui,
911 3323 978 3388 nisi
1001 3323 1088 3387 lines

96 3492 104 3509 ,
137 3431 242 3507 exeat
253 3443 300 3487 an
314 3425 423 3507 ipsius
440 3425 646 3489 auctoritate
667 3431 704 3488 et
722 3423 887 3489 mandato
907 3421 968 3504 jus
987 3441 1088 3486 suum

136 3524 293 3587 obtinere
307 3530 414 3606 queat
427 3525 525 3605 prius
537 3521 748 3606 experiendo
763 3527 954 3603 cognoscat
968 3539 979 3598 3
995 3518 1088 3602 quod

136 3623 168 3687 si
184 3642 249 3686 nec
270 3623 321 3685 sic
340 3622 541 3699 obtinuerit,
561 3620 804 3685 excellentiam
826 3627 992 3695 vestram,
1013 3618 1089 3700 ipso

173 3813 222 3865 ¹12⁸
231 3808 457 3880 appellationibus]
473 3812 527 3861 The
546 3826 600 3862 cor·
626 3811 713 3861 nullus
729 3811 877 3861 clericorum
888 3808 960 3870 regni
971 3807 1013 3856 sui
1023 3809 1091 3869 ejus·

136 3888 197 3946 rupt
208 3898 316 3945 passage
326 3883 456 3944 following
466 3881 558 3930 should
569 3882 600 3930 be
626 3879 683 3928 dem
703 3879 775 3941 regni
798 3881 860 3928 fines
882 3881 966 3937 exeat
984 3876 1033 3925 nisi
1055 3889 1090 3924 an

136 3954 199 4003 read
218 3954 297 4013 thus,
319 3952 367 4000 ‘ln
387 3951 601 4013 appellationibus
625 3950 709 4010 ipsius
719 3950 870 3998 auctoritate
880 3953 906 3996 et
916 3945 1036 3994 mandato
1046 3946 1091 4006 jue

137 4038 170 4073 ex
192 4023 298 4083 antiqua
319 4021 391 4084 regni
416 4021 458 4071 sui
481 4020 602 4070 constitu·
627 4019 924 4077 suumobtinerequeat,
938 4013 1092 4076 experiendo

137 4095 204 4141 tione
220 4092 247 4141 id
267 4091 316 4140 sibi
331 4091 445 4139 vindicat
460 4089 561 4138 honoris
578 4093 603 4136 et
628 4090 763 4150 cognoscat
772 4081 786 4144 ;‘
804 4087 869 4134 inter
879 4100 939 4147 epp.
951 4099 977 4145 p.
990 4087 1032 4133 bl).

137 4163 231 4225 oneris,
259 4165 289 4210 ut
315 4161 347 4209 ob
375 4159 475 4208 civilem
499 4172 602 4209 causam
978 4175 982 4179 ·
