<?xml version="1.0" encoding="UTF-8"?>
<!DOCTYPE html PUBLIC "-//W3C//DTD XHTML 1.0 Transitional//EN"
    "http://www.w3.org/TR/xhtml1/DTD/xhtml1-transitional.dtd">
<html xmlns="http://www.w3.org/1999/xhtml" xml:lang="en" lang="en">
 <head>
  <title>
</title>
<meta http-equiv="Content-Type" content="text/html;charset=utf-8" />
  <meta name='ocr-system' content='tesseract 3.04.00' />
  <meta name='ocr-capabilities' content='ocr_page ocr_carea ocr_par ocr_line ocrx_word'/>
</head>
<body>
  <div class='ocr_page' id='page_1' title='image "./rogeridewendove01rogegoog_0146.png"; bbox 0 0 2820 4882; ppageno 0'>
   <div class='ocr_carea' id='block_1_1' title="bbox 440 393 1129 458">
    <p class='ocr_par' dir='ltr' id='par_1_1' title="bbox 440 393 1129 458">
     <span class='ocr_line' id='line_1_1' title="bbox 440 393 1129 458; baseline 0.004 -4"><span class='ocrx_word' id='word_1_1' title='bbox 440 407 579 458; x_wconf 75' lang='lat' dir='ltr'>neonus</span> <span class='ocrx_word' id='word_1_2' title='bbox 601 407 870 456; x_wconf 79' lang='lat' dir='ltr'>msronmnun.</span> <span class='ocrx_word' id='word_1_3' title='bbox 1065 393 1129 458; x_wconf 77' lang='lat'>135</span> 
     </span>
    </p>
   </div>
   <div class='ocr_carea' id='block_1_2' title="bbox 309 635 987 722">
    <p class='ocr_par' dir='ltr' id='par_1_2' title="bbox 309 635 987 722">
     <span class='ocr_line' id='line_1_2' title="bbox 309 635 987 722; baseline 0.006 -24"><span class='ocrx_word' id='word_1_4' title='bbox 309 635 359 699; x_wconf 88' lang='lat' dir='ltr'>Do</span> <span class='ocrx_word' id='word_1_5' title='bbox 365 636 478 721; x_wconf 71' lang='lat' dir='ltr'>priora</span> <span class='ocrx_word' id='word_1_6' title='bbox 492 645 520 701; x_wconf 83' lang='lat' dir='ltr'>ot</span> <span class='ocrx_word' id='word_1_7' title='bbox 535 636 702 722; x_wconf 78' lang='lat' dir='ltr'>impetuoso</span> <span class='ocrx_word' id='word_1_8' title='bbox 718 635 804 701; x_wconf 79' lang='lat' dir='ltr'>ardis</span> <span class='ocrx_word' id='word_1_9' title='bbox 821 637 987 702; x_wconf 74' lang='lat' dir='ltr'><em>invasione.</em></span> 
     </span>
    </p>
   </div>
   <div class='ocr_carea' id='block_1_3' title="bbox 161 757 1283 3532">
    <p class='ocr_par' dir='ltr' id='par_1_3' title="bbox 161 757 1283 3532">
     <span class='ocr_line' id='line_1_3' title="bbox 224 757 1257 844; baseline 0.005 -23"><span class='ocrx_word' id='word_1_10' title='bbox 224 757 366 824; x_wconf 91' lang='lat' dir='ltr'>Locatis</span> <span class='ocrx_word' id='word_1_11' title='bbox 381 761 489 842; x_wconf 89' lang='lat' dir='ltr'>igitur</span> <span class='ocrx_word' id='word_1_12' title='bbox 504 761 540 824; x_wconf 92' lang='lat' dir='ltr'>in</span> <span class='ocrx_word' id='word_1_13' title='bbox 556 781 678 844; x_wconf 84' lang='lat' dir='ltr'>gyrum</span> <span class='ocrx_word' id='word_1_14' title='bbox 695 761 831 838; x_wconf 81' lang='lat' dir='ltr'>castris,</span> <span class='ocrx_word' id='word_1_15' title='bbox 842 761 898 824; x_wconf 90' lang='lat' dir='ltr'>die</span> <span class='ocrx_word' id='word_1_16' title='bbox 911 759 1032 843; x_wconf 89' lang='lat' dir='ltr'>quinta</span> <span class='ocrx_word' id='word_1_17' title='bbox 1043 770 1123 844; x_wconf 90' lang='lat' dir='ltr'>post</span> <span class='ocrx_word' id='word_1_18' title='bbox 1136 784 1191 823; x_wconf 71' lang='lat' dir='ltr'>ao.</span> <span class='ocrx_word' id='word_1_19' title='bbox 1201 785 1257 826; x_wconf 80' lang='lat' dir='ltr'>roeo.</span> 
     </span>
     <span class='ocr_line' id='line_1_4' title="bbox 174 833 1283 942; baseline 0.006 -22"><span class='ocrx_word' id='word_1_20' title='bbox 174 857 363 923; x_wconf 89' lang='lat' dir='ltr'>adventum</span> <span class='ocrx_word' id='word_1_21' title='bbox 378 880 508 938; x_wconf 88' lang='lat' dir='ltr'>eornm,</span> <span class='ocrx_word' id='word_1_22' title='bbox 525 862 632 938; x_wconf 90' lang='lat' dir='ltr'>lituis,</span> <span class='ocrx_word' id='word_1_23' title='bbox 642 845 796 924; x_wconf 86' lang='lat' dir='ltr'>buccinis</span> <span class='ocrx_word' id='word_1_24' title='bbox 810 868 845 923; x_wconf 89' lang='lat' dir='ltr'>et</span> <span class='ocrx_word' id='word_1_25' title='bbox 862 861 955 924; x_wconf 89' lang='lat' dir='ltr'>tubis</span> <span class='ocrx_word' id='word_1_26' title='bbox 970 869 1120 942; x_wconf 87' lang='lat' dir='ltr'>perstre·</span> <span class='ocrx_word' id='word_1_27' title='bbox 1134 833 1283 927; x_wconf 55' lang='lat' dir='ltr'>ditm...</span> 
     </span>
     <span class='ocr_line' id='line_1_5' title="bbox 172 959 1232 1039; baseline 0.002 -18"><span class='ocrx_word' id='word_1_28' title='bbox 172 959 347 1039; x_wconf 79' lang='lat' dir='ltr'>pentibuS,</span> <span class='ocrx_word' id='word_1_29' title='bbox 370 979 500 1037; x_wconf 90' lang='lat' dir='ltr'>omnes,</span> <span class='ocrx_word' id='word_1_30' title='bbox 520 969 561 1025; x_wconf 93' lang='lat' dir='ltr'>nt</span> <span class='ocrx_word' id='word_1_31' title='bbox 583 961 676 1024; x_wconf 91' lang='lat' dir='ltr'>urbis</span> <span class='ocrx_word' id='word_1_32' title='bbox 691 960 858 1025; x_wconf 89' lang='lat' dir='ltr'>invadant</span> <span class='ocrx_word' id='word_1_33' title='bbox 877 960 1017 1038; x_wconf 84' lang='lat' dir='ltr'>moenia,</span> <span class='ocrx_word' id='word_1_34' title='bbox 1032 961 1120 1026; x_wconf 85' lang='lat' dir='ltr'>invi·</span> <span class='ocrx_word' id='word_1_35' title='bbox 1133 981 1232 1023; x_wconf 80' lang='lat' dir='ltr'>Thennt</span> 
     </span>
     <span class='ocr_line' id='line_1_6' title="bbox 172 1033 1218 1144; baseline 0.005 -23"><span class='ocrx_word' id='word_1_36' title='bbox 172 1063 314 1138; x_wconf 79' lang='lat' dir='ltr'>tantur3</span> <span class='ocrx_word' id='word_1_37' title='bbox 337 1060 408 1142; x_wconf 91' lang='lat' dir='ltr'>qui,</span> <span class='ocrx_word' id='word_1_38' title='bbox 434 1061 539 1124; x_wconf 84' lang='lat' dir='ltr'>armis</span> <span class='ocrx_word' id='word_1_39' title='bbox 565 1061 723 1124; x_wconf 91' lang='lat' dir='ltr'>omnihus</span> <span class='ocrx_word' id='word_1_40' title='bbox 747 1060 920 1136; x_wconf 85' lang='lat' dir='ltr'><strong>instructi,</strong></span> <span class='ocrx_word' id='word_1_41' title='bbox 943 1079 966 1123; x_wconf 89' lang='lat' dir='ltr'>a</span> <span class='ocrx_word' id='word_1_42' title='bbox 989 1061 1120 1144; x_wconf 89' lang='lat' dir='ltr'>majore</span> <span class='ocrx_word' id='word_1_43' title='bbox 1131 1033 1218 1073; x_wconf 54' lang='lat' dir='ltr'>‘mm</span> 
     </span>
     <span class='ocr_line' id='line_1_7' title="bbox 171 1158 1121 1239; baseline 0.005 -19"><span class='ocrx_word' id='word_1_44' title='bbox 171 1176 283 1239; x_wconf 90' lang='lat' dir='ltr'>usque</span> <span class='ocrx_word' id='word_1_45' title='bbox 300 1158 344 1222; x_wconf 93' lang='lat' dir='ltr'>ad</span> <span class='ocrx_word' id='word_1_46' title='bbox 361 1159 540 1223; x_wconf 89' lang='lat' dir='ltr'>minimum</span> <span class='ocrx_word' id='word_1_47' title='bbox 555 1161 777 1224; x_wconf 82' lang='lat' dir='ltr'>convolantes</span> <span class='ocrx_word' id='word_1_48' title='bbox 795 1159 839 1222; x_wconf 93' lang='lat' dir='ltr'>ad</span> <span class='ocrx_word' id='word_1_49' title='bbox 855 1178 1002 1236; x_wconf 92' lang='lat' dir='ltr'>murum,</span> <span class='ocrx_word' id='word_1_50' title='bbox 1020 1169 1121 1225; x_wconf 88' lang='lat' dir='ltr'>tanta</span> 
     </span>
     <span class='ocr_line' id='line_1_8' title="bbox 165 1256 1119 1341; baseline 0.008 -23"><span class='ocrx_word' id='word_1_51' title='bbox 165 1256 340 1322; x_wconf 65' lang='lat' dir='ltr'>&gt;instantia</span> <span class='ocrx_word' id='word_1_52' title='bbox 361 1266 397 1323; x_wconf 90' lang='lat' dir='ltr'>et</span> <span class='ocrx_word' id='word_1_53' title='bbox 410 1259 539 1325; x_wconf 84' lang='lat' dir='ltr'>virtute</span> <span class='ocrx_word' id='word_1_54' title='bbox 561 1260 810 1323; x_wconf 80' lang='lat' dir='ltr'>continuabant</span> <span class='ocrx_word' id='word_1_55' title='bbox 827 1279 1062 1341; x_wconf 88' lang='lat' dir='ltr'>congressum,</span> <span class='ocrx_word' id='word_1_56' title='bbox 1081 1269 1119 1326; x_wconf 90' lang='lat' dir='ltr'>ut</span> 
     </span>
     <span class='ocr_line' id='line_1_9' title="bbox 169 1357 1117 1442; baseline 0.003 -22"><span class='ocrx_word' id='word_1_57' title='bbox 169 1357 306 1421; x_wconf 90' lang='lat' dir='ltr'>civibus</span> <span class='ocrx_word' id='word_1_58' title='bbox 333 1359 465 1436; x_wconf 76' lang='lat' dir='ltr'>invitiS,</span> <span class='ocrx_word' id='word_1_59' title='bbox 492 1360 762 1424; x_wconf 78' lang='lat' dir='ltr'>antemuralibus</span> <span class='ocrx_word' id='word_1_60' title='bbox 794 1358 993 1436; x_wconf 82' lang='lat' dir='ltr'>confractis,</span> <span class='ocrx_word' id='word_1_61' title='bbox 1016 1379 1117 1442; x_wconf 87' lang='lat' dir='ltr'>coge·</span> 
     </span>
     <span class='ocr_line' id='line_1_10' title="bbox 170 1456 1117 1524; baseline 0.004 -6"><span class='ocrx_word' id='word_1_62' title='bbox 170 1463 248 1520; x_wconf 90' lang='lat' dir='ltr'>rent</span> <span class='ocrx_word' id='word_1_63' title='bbox 273 1456 470 1523; x_wconf 85' lang='lat' dir='ltr'>defensores</span> <span class='ocrx_word' id='word_1_64' title='bbox 497 1461 590 1523; x_wconf 91' lang='lat' dir='ltr'>intra</span> <span class='ocrx_word' id='word_1_65' title='bbox 616 1478 733 1522; x_wconf 88' lang='lat' dir='ltr'>muros</span> <span class='ocrx_word' id='word_1_66' title='bbox 758 1458 939 1522; x_wconf 88' lang='lat' dir='ltr'>interiores</span> <span class='ocrx_word' id='word_1_67' title='bbox 964 1479 1002 1523; x_wconf 92' lang='lat' dir='ltr'>se</span> <span class='ocrx_word' id='word_1_68' title='bbox 1029 1459 1117 1524; x_wconf 87' lang='lat' dir='ltr'>rcci-</span> 
     </span>
     <span class='ocr_line' id='line_1_11' title="bbox 170 1558 1117 1640; baseline 0.006 -22"><span class='ocrx_word' id='word_1_69' title='bbox 170 1575 253 1637; x_wconf 88' lang='lat' dir='ltr'>pere</span> <span class='ocrx_word' id='word_1_70' title='bbox 283 1564 319 1621; x_wconf 90' lang='lat' dir='ltr'>et</span> <span class='ocrx_word' id='word_1_71' title='bbox 345 1558 389 1621; x_wconf 86' lang='lat' dir='ltr'>de</span> <span class='ocrx_word' id='word_1_72' title='bbox 419 1559 611 1623; x_wconf 90' lang='lat' dir='ltr'>resistendo</span> <span class='ocrx_word' id='word_1_73' title='bbox 638 1558 833 1640; x_wconf 89' lang='lat' dir='ltr'>desperare,</span> <span class='ocrx_word' id='word_1_74' title='bbox 861 1566 908 1634; x_wconf 89' lang='lat' dir='ltr'>et,</span> <span class='ocrx_word' id='word_1_75' title='bbox 939 1558 969 1620; x_wconf 88' lang='lat' dir='ltr'>si</span> <span class='ocrx_word' id='word_1_76' title='bbox 996 1560 1117 1624; x_wconf 87' lang='lat' dir='ltr'>inille</span> 
     </span>
     <span class='ocr_line' id='line_1_12' title="bbox 169 1656 1116 1738; baseline 0.006 -20"><span class='ocrx_word' id='word_1_77' title='bbox 169 1657 349 1738; x_wconf 86' lang='lat' dir='ltr'>pugnandi</span> <span class='ocrx_word' id='word_1_78' title='bbox 360 1656 494 1722; x_wconf 87' lang='lat' dir='ltr'>fervore</span> <span class='ocrx_word' id='word_1_79' title='bbox 508 1659 622 1722; x_wconf 90' lang='lat' dir='ltr'>scalas</span> <span class='ocrx_word' id='word_1_80' title='bbox 637 1665 698 1722; x_wconf 90' lang='lat' dir='ltr'>aut</span> <span class='ocrx_word' id='word_1_81' title='bbox 711 1657 888 1721; x_wconf 87' lang='lat' dir='ltr'>machinas</span> <span class='ocrx_word' id='word_1_82' title='bbox 902 1658 1116 1738; x_wconf 86' lang='lat' dir='ltr'>habuissent,</span> 
     </span>
     <span class='ocr_line' id='line_1_13' title="bbox 168 1756 1115 1839; baseline 0.006 -21"><span class='ocrx_word' id='word_1_83' title='bbox 168 1756 291 1836; x_wconf 88' lang='lat' dir='ltr'>procul</span> <span class='ocrx_word' id='word_1_84' title='bbox 317 1757 420 1821; x_wconf 91' lang='lat' dir='ltr'>dubio</span> <span class='ocrx_word' id='word_1_85' title='bbox 440 1758 495 1822; x_wconf 90' lang='lat' dir='ltr'>die</span> <span class='ocrx_word' id='word_1_86' title='bbox 521 1758 582 1821; x_wconf 92' lang='lat' dir='ltr'>illo</span> <span class='ocrx_word' id='word_1_87' title='bbox 604 1758 782 1839; x_wconf 84' lang='lat' dir='ltr'>negotium</span> <span class='ocrx_word' id='word_1_88' title='bbox 807 1767 1115 1824; x_wconf 80' lang='lat' dir='ltr'>consummassent.</span> 
     </span>
     <span class='ocr_line' id='line_1_14' title="bbox 168 1853 1117 1940; baseline 0.004 -23"><span class='ocrx_word' id='word_1_89' title='bbox 168 1853 339 1920; x_wconf 87' lang='lat' dir='ltr'>Videntes</span> <span class='ocrx_word' id='word_1_90' title='bbox 360 1857 510 1934; x_wconf 90' lang='lat' dir='ltr'>tandem,</span> <span class='ocrx_word' id='word_1_91' title='bbox 530 1877 609 1922; x_wconf 84' lang='lat' dir='ltr'>cunr</span> <span class='ocrx_word' id='word_1_92' title='bbox 629 1876 692 1940; x_wconf 88' lang='lat' dir='ltr'>per</span> <span class='ocrx_word' id='word_1_93' title='bbox 710 1865 842 1940; x_wconf 87' lang='lat' dir='ltr'>septem</span> <span class='ocrx_word' id='word_1_94' title='bbox 864 1857 932 1920; x_wconf 90' lang='lat' dir='ltr'>diei</span> <span class='ocrx_word' id='word_1_95' title='bbox 955 1855 1059 1920; x_wconf 90' lang='lat' dir='ltr'>horas</span> <span class='ocrx_word' id='word_1_96' title='bbox 1080 1859 1117 1923; x_wconf 93' lang='lat' dir='ltr'>in</span> 
     </span>
     <span class='ocr_line' id='line_1_15' title="bbox 167 1953 1116 2040; baseline 0.003 -23"><span class='ocrx_word' id='word_1_97' title='bbox 167 1953 244 2037; x_wconf 89' lang='lat' dir='ltr'>ipso</span> <span class='ocrx_word' id='word_1_98' title='bbox 268 1955 390 2020; x_wconf 90' lang='lat' dir='ltr'>ardore</span> <span class='ocrx_word' id='word_1_99' title='bbox 412 1958 665 2039; x_wconf 88' lang='lat' dir='ltr'>perstetissent,</span> <span class='ocrx_word' id='word_1_100' title='bbox 681 1957 773 2040; x_wconf 89' lang='lat' dir='ltr'>quod</span> <span class='ocrx_word' id='word_1_101' title='bbox 793 1958 925 2039; x_wconf 89' lang='lat' dir='ltr'>absque</span> <span class='ocrx_word' id='word_1_102' title='bbox 949 1957 1116 2020; x_wconf 88' lang='lat' dir='ltr'>machinis</span> 
     </span>
     <span class='ocr_line' id='line_1_16' title="bbox 167 2056 1117 2139; baseline 0.005 -23"><span class='ocrx_word' id='word_1_103' title='bbox 167 2073 237 2117; x_wconf 91' lang='lat' dir='ltr'>non</span> <span class='ocrx_word' id='word_1_104' title='bbox 274 2056 421 2119; x_wconf 89' lang='lat' dir='ltr'>multum</span> <span class='ocrx_word' id='word_1_105' title='bbox 458 2057 624 2138; x_wconf 89' lang='lat' dir='ltr'>proficere</span> <span class='ocrx_word' id='word_1_106' title='bbox 661 2057 866 2139; x_wconf 90' lang='lat' dir='ltr'>potuissent,</span> <span class='ocrx_word' id='word_1_107' title='bbox 908 2056 1117 2121; x_wconf 90' lang='lat' dir='ltr'>distulerunt</span> 
     </span>
     <span class='ocr_line' id='line_1_17' title="bbox 166 2151 1115 2238; baseline 0.002 -22"><span class='ocrx_word' id='word_1_108' title='bbox 166 2172 255 2236; x_wconf 92' lang='lat' dir='ltr'>opus</span> <span class='ocrx_word' id='word_1_109' title='bbox 270 2154 315 2218; x_wconf 88' lang='lat' dir='ltr'>ad</span> <span class='ocrx_word' id='word_1_110' title='bbox 330 2162 478 2238; x_wconf 89' lang='lat' dir='ltr'>tempus,</span> <span class='ocrx_word' id='word_1_111' title='bbox 488 2163 523 2220; x_wconf 88' lang='lat' dir='ltr'>et</span> <span class='ocrx_word' id='word_1_112' title='bbox 537 2176 616 2220; x_wconf 89' lang='lat' dir='ltr'>cum</span> <span class='ocrx_word' id='word_1_113' title='bbox 632 2151 813 2221; x_wconf 86' lang='lat' dir='ltr'>¹immenso</span> <span class='ocrx_word' id='word_1_114' title='bbox 827 2155 945 2219; x_wconf 90' lang='lat' dir='ltr'>labore</span> <span class='ocrx_word' id='word_1_115' title='bbox 958 2154 1056 2236; x_wconf 90' lang='lat' dir='ltr'>ligna</span> <span class='ocrx_word' id='word_1_116' title='bbox 1072 2156 1115 2218; x_wconf 84' lang='lat' dir='ltr'>ad</span> 
     </span>
     <span class='ocr_line' id='line_1_18' title="bbox 166 2252 1115 2337; baseline 0.002 -21"><span class='ocrx_word' id='word_1_117' title='bbox 166 2252 231 2318; x_wconf 91' lang='lat' dir='ltr'>hoc</span> <span class='ocrx_word' id='word_1_118' title='bbox 254 2254 380 2321; x_wconf 85' lang='lat' dir='ltr'>idonea</span> <span class='ocrx_word' id='word_1_119' title='bbox 406 2264 441 2320; x_wconf 92' lang='lat' dir='ltr'>et</span> <span class='ocrx_word' id='word_1_120' title='bbox 464 2256 614 2320; x_wconf 89' lang='lat' dir='ltr'>artifices</span> <span class='ocrx_word' id='word_1_121' title='bbox 637 2256 863 2335; x_wconf 82' lang='lat' dir='ltr'>invenerunt3</span> <span class='ocrx_word' id='word_1_122' title='bbox 896 2254 1115 2337; x_wconf 88' lang='lat' dir='ltr'>quibuscum</span> 
     </span>
     <span class='ocr_line' id='line_1_19' title="bbox 165 2355 1116 2438; baseline 0.004 -23"><span class='ocrx_word' id='word_1_123' title='bbox 165 2362 308 2436; x_wconf 84' lang='lat' dir='ltr'>sumptu</span> <span class='ocrx_word' id='word_1_124' title='bbox 324 2355 529 2437; x_wconf 77' lang='lat' dir='ltr'>gravissimo</span> <span class='ocrx_word' id='word_1_125' title='bbox 547 2355 591 2418; x_wconf 91' lang='lat' dir='ltr'>ad</span> <span class='ocrx_word' id='word_1_126' title='bbox 607 2356 725 2419; x_wconf 89' lang='lat' dir='ltr'>urbem</span> <span class='ocrx_word' id='word_1_127' title='bbox 743 2355 879 2430; x_wconf 89' lang='lat' dir='ltr'>delatis,</span> <span class='ocrx_word' id='word_1_128' title='bbox 896 2375 941 2419; x_wconf 84' lang='lat' dir='ltr'>ex</span> <span class='ocrx_word' id='word_1_129' title='bbox 957 2355 1116 2438; x_wconf 86' lang='lat' dir='ltr'>subjecta</span> 
     </span>
     <span class='ocr_line' id='line_1_20' title="bbox 164 2453 1113 2538; baseline 0.002 -22"><span class='ocrx_word' id='word_1_130' title='bbox 164 2454 311 2519; x_wconf 88' lang='lat' dir='ltr'>materia</span> <span class='ocrx_word' id='word_1_131' title='bbox 324 2455 480 2532; x_wconf 89' lang='lat' dir='ltr'>castella,</span> <span class='ocrx_word' id='word_1_132' title='bbox 498 2456 680 2538; x_wconf 88' lang='lat' dir='ltr'>petrarias,</span> <span class='ocrx_word' id='word_1_133' title='bbox 698 2454 899 2520; x_wconf 88' lang='lat' dir='ltr'>trubuculos</span> <span class='ocrx_word' id='word_1_134' title='bbox 920 2461 955 2518; x_wconf 89' lang='lat' dir='ltr'>et</span> <span class='ocrx_word' id='word_1_135' title='bbox 975 2453 1113 2533; x_wconf 87' lang='lat' dir='ltr'>arietes,</span> 
     </span>
     <span class='ocr_line' id='line_1_21' title="bbox 164 2548 1113 2637; baseline 0.001 -21"><span class='ocrx_word' id='word_1_136' title='bbox 164 2572 242 2617; x_wconf 91' lang='lat' dir='ltr'>cum</span> <span class='ocrx_word' id='word_1_137' title='bbox 257 2548 431 2637; x_wconf 86' lang='lat' dir='ltr'>²scr0phis</span> <span class='ocrx_word' id='word_1_138' title='bbox 448 2555 491 2618; x_wconf 87' lang='lat' dir='ltr'>ad</span> <span class='ocrx_word' id='word_1_139' title='bbox 506 2574 641 2618; x_wconf 90' lang='lat' dir='ltr'>murum</span> <span class='ocrx_word' id='word_1_140' title='bbox 652 2554 915 2631; x_wconf 89' lang='lat' dir='ltr'>suffodiendum,</span> <span class='ocrx_word' id='word_1_141' title='bbox 927 2561 1113 2618; x_wconf 84' lang='lat' dir='ltr'>construx-</span> 
     </span>
     <span class='ocr_line' id='line_1_22' title="bbox 164 2653 1112 2737; baseline 0 -21"><span class='ocrx_word' id='word_1_142' title='bbox 164 2660 267 2718; x_wconf 89' lang='lat' dir='ltr'>erunt</span> <span class='ocrx_word' id='word_1_143' title='bbox 286 2674 295 2734; x_wconf 84' lang='lat'><em>3</em></span> <span class='ocrx_word' id='word_1_144' title='bbox 318 2674 381 2736; x_wconf 91' lang='lat' dir='ltr'>pro</span> <span class='ocrx_word' id='word_1_145' title='bbox 402 2654 509 2720; x_wconf 92' lang='lat' dir='ltr'>nihilo</span> <span class='ocrx_word' id='word_1_146' title='bbox 527 2654 617 2719; x_wconf 86' lang='lat' dir='ltr'>enim</span> <span class='ocrx_word' id='word_1_147' title='bbox 642 2655 850 2737; x_wconf 89' lang='lat' dir='ltr'>reputabant</span> <span class='ocrx_word' id='word_1_148' title='bbox 868 2653 1031 2736; x_wconf 93' lang='lat' dir='ltr'>quicquid</span> <span class='ocrx_word' id='word_1_149' title='bbox 1049 2672 1112 2717; x_wconf 90' lang='lat' dir='ltr'>an·</span> 
     </span>
     <span class='ocr_line' id='line_1_23' title="bbox 164 2753 1112 2835; baseline 0.001 -19"><span class='ocrx_word' id='word_1_150' title='bbox 164 2760 222 2816; x_wconf 91' lang='lat' dir='ltr'>tea</span> <span class='ocrx_word' id='word_1_151' title='bbox 251 2761 368 2818; x_wconf 88' lang='lat' dir='ltr'>actum</span> <span class='ocrx_word' id='word_1_152' title='bbox 403 2754 528 2831; x_wconf 88' lang='lat' dir='ltr'>fuerat,</span> <span class='ocrx_word' id='word_1_153' title='bbox 554 2756 585 2818; x_wconf 88' lang='lat' dir='ltr'>si</span> <span class='ocrx_word' id='word_1_154' title='bbox 609 2754 646 2818; x_wconf 92' lang='lat' dir='ltr'>in</span> <span class='ocrx_word' id='word_1_155' title='bbox 669 2753 735 2818; x_wconf 93' lang='lat' dir='ltr'>hoc</span> <span class='ocrx_word' id='word_1_156' title='bbox 768 2755 919 2835; x_wconf 89' lang='lat' dir='ltr'>negotio,</span> <span class='ocrx_word' id='word_1_157' title='bbox 952 2772 1015 2834; x_wconf 91' lang='lat' dir='ltr'>pro</span> <span class='ocrx_word' id='word_1_158' title='bbox 1042 2773 1112 2835; x_wconf 92' lang='lat' dir='ltr'>quo</span> 
     </span>
     <span class='ocr_line' id='line_1_24' title="bbox 163 2854 1112 2936; baseline -0.001 -19"><span class='ocrx_word' id='word_1_159' title='bbox 163 2859 236 2917; x_wconf 86' lang='lat' dir='ltr'>tam</span> <span class='ocrx_word' id='word_1_160' title='bbox 266 2854 476 2917; x_wconf 90' lang='lat' dir='ltr'>laboriosam</span> <span class='ocrx_word' id='word_1_161' title='bbox 503 2854 815 2936; x_wconf 85' lang='lat' dir='ltr'>peregrinationem</span> <span class='ocrx_word' id='word_1_162' title='bbox 841 2861 1112 2934; x_wconf 87' lang='lat' dir='ltr'>assumpserant,</span> 
     </span>
     <span class='ocr_line' id='line_1_25' title="bbox 162 2952 1112 3034; baseline 0 -19"><span class='ocrx_word' id='word_1_163' title='bbox 162 2952 308 3016; x_wconf 90' lang='lat' dir='ltr'>deficere</span> <span class='ocrx_word' id='word_1_164' title='bbox 325 2960 542 3034; x_wconf 86' lang='lat' dir='ltr'>cogerentur.</span> <span class='ocrx_word' id='word_1_165' title='bbox 595 2952 684 3017; x_wconf 91' lang='lat' dir='ltr'>Cum</span> <span class='ocrx_word' id='word_1_166' title='bbox 697 2954 805 3034; x_wconf 88' lang='lat' dir='ltr'>igitur</span> <span class='ocrx_word' id='word_1_167' title='bbox 821 2953 913 3017; x_wconf 89' lang='lat' dir='ltr'>circa</span> <span class='ocrx_word' id='word_1_168' title='bbox 935 2953 1112 3016; x_wconf 89' lang='lat' dir='ltr'>machinas</span> 
     </span>
     <span class='ocr_line' id='line_1_26' title="bbox 161 3051 1111 3136; baseline -0.003 -18"><span class='ocrx_word' id='word_1_169' title='bbox 161 3053 424 3131; x_wconf 87' lang='lat' dir='ltr'>construendas,</span> <span class='ocrx_word' id='word_1_170' title='bbox 448 3060 629 3136; x_wconf 90' lang='lat' dir='ltr'>cratesque</span> <span class='ocrx_word' id='word_1_171' title='bbox 655 3059 690 3117; x_wconf 89' lang='lat' dir='ltr'>et</span> <span class='ocrx_word' id='word_1_172' title='bbox 714 3053 827 3116; x_wconf 88' lang='lat' dir='ltr'>scalas</span> <span class='ocrx_word' id='word_1_173' title='bbox 847 3051 1111 3129; x_wconf 86' lang='lat' dir='ltr'>connectendas,</span> 
     </span>
     <span class='ocr_line' id='line_1_27' title="bbox 161 3149 1112 3234; baseline -0.002 -19"><span class='ocrx_word' id='word_1_174' title='bbox 161 3158 258 3216; x_wconf 90' lang='lat' dir='ltr'>totus</span> <span class='ocrx_word' id='word_1_175' title='bbox 278 3160 396 3217; x_wconf 89' lang='lat' dir='ltr'>noster</span> <span class='ocrx_word' id='word_1_176' title='bbox 410 3152 595 3216; x_wconf 83' lang='lat' dir='ltr'>desudarat</span> <span class='ocrx_word' id='word_1_177' title='bbox 617 3153 802 3229; x_wconf 85' lang='lat' dir='ltr'>exercitus,</span> <span class='ocrx_word' id='word_1_178' title='bbox 819 3149 1035 3234; x_wconf 86' lang='lat' dir='ltr'>protrahitur</span> <span class='ocrx_word' id='word_1_179' title='bbox 1053 3152 1112 3213; x_wconf 78' lang='lat' dir='ltr'>ob</span> 
     </span>
     <span class='ocr_line' id='line_1_28' title="bbox 161 3250 1112 3336; baseline -0.001 -22"><span class='ocrx_word' id='word_1_180' title='bbox 161 3252 263 3330; x_wconf 91' lang='lat' dir='ltr'>sidio,</span> <span class='ocrx_word' id='word_1_181' title='bbox 281 3256 316 3316; x_wconf 90' lang='lat' dir='ltr'>et</span> <span class='ocrx_word' id='word_1_182' title='bbox 334 3272 411 3315; x_wconf 91' lang='lat' dir='ltr'>cum</span> <span class='ocrx_word' id='word_1_183' title='bbox 429 3253 527 3316; x_wconf 90' lang='lat' dir='ltr'>locus</span> <span class='ocrx_word' id='word_1_184' title='bbox 544 3252 677 3316; x_wconf 87' lang='lat' dir='ltr'>civitati</span> <span class='ocrx_word' id='word_1_185' title='bbox 695 3252 857 3336; x_wconf 86' lang='lat' dir='ltr'>adjacens</span> <span class='ocrx_word' id='word_1_186' title='bbox 880 3250 997 3313; x_wconf 90' lang='lat' dir='ltr'>aridus</span> <span class='ocrx_word' id='word_1_187' title='bbox 1021 3258 1112 3314; x_wconf 90' lang='lat' dir='ltr'>esset</span> 
     </span>
     <span class='ocr_line' id='line_1_29' title="bbox 161 3352 1112 3435; baseline -0.003 -20"><span class='ocrx_word' id='word_1_188' title='bbox 161 3359 197 3415; x_wconf 88' lang='lat' dir='ltr'>et</span> <span class='ocrx_word' id='word_1_189' title='bbox 225 3352 428 3435; x_wconf 88' lang='lat' dir='ltr'>inaquosus,</span> <span class='ocrx_word' id='word_1_190' title='bbox 459 3352 554 3417; x_wconf 85' lang='lat' dir='ltr'>rivos</span> <span class='ocrx_word' id='word_1_191' title='bbox 581 3352 636 3416; x_wconf 89' lang='lat' dir='ltr'>vel</span> <span class='ocrx_word' id='word_1_192' title='bbox 661 3353 774 3415; x_wconf 83' lang='lat' dir='ltr'>fontes</span> <span class='ocrx_word' id='word_1_193' title='bbox 805 3357 866 3413; x_wconf 90' lang='lat' dir='ltr'>aut</span> <span class='ocrx_word' id='word_1_194' title='bbox 893 3355 1017 3431; x_wconf 90' lang='lat' dir='ltr'>puteos</span> <span class='ocrx_word' id='word_1_195' title='bbox 1042 3368 1112 3412; x_wconf 92' lang='lat' dir='ltr'>non</span> 
     </span>
     <span class='ocr_line' id='line_1_30' title="bbox 161 3448 1112 3532; baseline -0.003 -18"><span class='ocrx_word' id='word_1_196' title='bbox 161 3450 291 3515; x_wconf 90' lang='lat' dir='ltr'>habens</span> <span class='ocrx_word' id='word_1_197' title='bbox 320 3452 389 3515; x_wconf 89' lang='lat' dir='ltr'>nisi</span> <span class='ocrx_word' id='word_1_198' title='bbox 415 3459 578 3529; x_wconf 90' lang='lat' dir='ltr'>remotos,</span> <span class='ocrx_word' id='word_1_199' title='bbox 605 3453 648 3516; x_wconf 89' lang='lat' dir='ltr'>ab</span> <span class='ocrx_word' id='word_1_200' title='bbox 677 3452 761 3514; x_wconf 92' lang='lat' dir='ltr'>urbe</span> <span class='ocrx_word' id='word_1_201' title='bbox 788 3449 940 3532; x_wconf 91' lang='lat' dir='ltr'>quinque</span> <span class='ocrx_word' id='word_1_202' title='bbox 967 3448 1022 3512; x_wconf 91' lang='lat' dir='ltr'>vel</span> <span class='ocrx_word' id='word_1_203' title='bbox 1049 3467 1112 3512; x_wconf 87' lang='lat' dir='ltr'>sex</span> 
     </span>
    </p>
   </div>
   <div class='ocr_carea' id='block_1_4' title="bbox 159 3545 1113 3632">
    <p class='ocr_par' dir='ltr' id='par_1_4' title="bbox 159 3545 1113 3632">
     <span class='ocr_line' id='line_1_31' title="bbox 159 3545 1113 3632; baseline -0.002 -18"><span class='ocrx_word' id='word_1_204' title='bbox 159 3552 364 3616; x_wconf 88' lang='lat' dir='ltr'>milliaribus</span> <span class='ocrx_word' id='word_1_205' title='bbox 375 3551 557 3629; x_wconf 88' lang='lat' dir='ltr'>distantes,</span> <span class='ocrx_word' id='word_1_206' title='bbox 569 3545 645 3616; x_wconf 84' lang='lat' dir='ltr'>³siti</span> <span class='ocrx_word' id='word_1_207' title='bbox 656 3550 865 3615; x_wconf 88' lang='lat' dir='ltr'>intolerabili</span> <span class='ocrx_word' id='word_1_208' title='bbox 873 3548 1022 3632; x_wconf 89' lang='lat' dir='ltr'>populus</span> <span class='ocrx_word' id='word_1_209' title='bbox 1032 3548 1113 3612; x_wconf 90' lang='lat' dir='ltr'>fati-</span> 
     </span>
    </p>
   </div>
   <div class='ocr_carea' id='block_1_5' title="bbox 156 3754 1115 4173">
    <p class='ocr_par' dir='ltr' id='par_1_5' title="bbox 156 3754 1115 4173">
     <span class='ocr_line' id='line_1_32' title="bbox 194 3754 1113 3830; baseline -0.003 -17"><span class='ocrx_word' id='word_1_210' title='bbox 194 3761 333 3813; x_wconf 82' lang='lat' dir='ltr'>¹lmmcaeo</span> <span class='ocrx_word' id='word_1_211' title='bbox 349 3763 428 3812; x_wconf 84' lang='lat' dir='ltr'>labore</span> <span class='ocrx_word' id='word_1_212' title='bbox 445 3757 536 3830; x_wconf 76' lang='lat' dir='ltr'>ligea]</span> <span class='ocrx_word' id='word_1_213' title='bbox 553 3763 623 3823; x_wconf 86' lang='lat' dir='ltr'>They</span> <span class='ocrx_word' id='word_1_214' title='bbox 650 3754 1113 3824; x_wconf 76' lang='lat' dir='ltr'>pae,andintheAlexieddeordhoxrr.</span> 
     </span>
     <span class='ocr_line' id='line_1_33' title="bbox 158 3826 1073 3895; baseline -0.005 -12"><span class='ocrx_word' id='word_1_215' title='bbox 158 3849 226 3884; x_wconf 87' lang='lat' dir='ltr'>were</span> <span class='ocrx_word' id='word_1_216' title='bbox 243 3834 357 3884; x_wconf 86' lang='lat' dir='ltr'>directed</span> <span class='ocrx_word' id='word_1_217' title='bbox 374 3835 409 3895; x_wconf 84' lang='lat' dir='ltr'>by</span> <span class='ocrx_word' id='word_1_218' title='bbox 427 3848 443 3881; x_wconf 83' lang='lat' dir='ltr'>e</span> <span class='ocrx_word' id='word_1_219' title='bbox 459 3834 550 3895; x_wconf 81' lang='lat' dir='ltr'>Syrien</span> <span class='ocrx_word' id='word_1_220' title='bbox 566 3837 591 3881; x_wconf 90' lang='lat' dir='ltr'>to</span> <span class='ocrx_word' id='word_1_221' title='bbox 608 3847 624 3881; x_wconf 90' lang='lat' dir='ltr'>a</span> <span class='ocrx_word' id='word_1_222' title='bbox 649 3832 696 3881; x_wconf 87' lang='lat' dir='ltr'>See</span> <span class='ocrx_word' id='word_1_223' title='bbox 708 3832 752 3879; x_wconf 92' lang='lat' dir='ltr'>Du</span> <span class='ocrx_word' id='word_1_224' title='bbox 762 3826 876 3880; x_wconf 86' lang='lat' dir='ltr'>Fresne’s</span> <span class='ocrx_word' id='word_1_225' title='bbox 888 3834 968 3891; x_wconf 82' lang='lat' dir='ltr'>notes,</span> <span class='ocrx_word' id='word_1_226' title='bbox 979 3846 1005 3891; x_wconf 89' lang='lat' dir='ltr'>p.</span> <span class='ocrx_word' id='word_1_227' title='bbox 1017 3833 1073 3879; x_wconf 77' lang='lat' dir='ltr'>ool.</span> 
     </span>
     <span class='ocr_line' id='line_1_34' title="bbox 158 3899 1115 3967; baseline -0.005 -13"><span class='ocrx_word' id='word_1_228' title='bbox 158 3905 242 3967; x_wconf 86' lang='lat' dir='ltr'>wood,</span> <span class='ocrx_word' id='word_1_229' title='bbox 262 3907 302 3954; x_wconf 82' lang='lat' dir='ltr'>six</span> <span class='ocrx_word' id='word_1_230' title='bbox 324 3919 352 3952; x_wconf 90' lang='lat' dir='ltr'>or</span> <span class='ocrx_word' id='word_1_231' title='bbox 371 3918 448 3952; x_wconf 88' lang='lat' dir='ltr'>seven</span> <span class='ocrx_word' id='word_1_232' title='bbox 466 3903 538 3951; x_wconf 86' lang='lat' dir='ltr'>miles</span> <span class='ocrx_word' id='word_1_233' title='bbox 560 3902 624 3950; x_wconf 82' lang='lat' dir='ltr'>from</span> <span class='ocrx_word' id='word_1_234' title='bbox 684 3899 759 3950; x_wconf 76' lang='lat' dir='ltr'>³Siti</span> <span class='ocrx_word' id='word_1_235' title='bbox 768 3900 937 3963; x_wconf 70' lang='lat' dir='ltr'>terebrabat]</span> <span class='ocrx_word' id='word_1_236' title='bbox 950 3900 1048 3950; x_wconf 85' lang='lat' dir='ltr'>‘Tanta</span> <span class='ocrx_word' id='word_1_237' title='bbox 1059 3899 1115 3949; x_wconf 87' lang='lat' dir='ltr'>sitis</span> 
     </span>
     <span class='ocr_line' id='line_1_35' title="bbox 157 3970 1115 4036; baseline -0.006 -12"><span class='ocrx_word' id='word_1_238' title='bbox 157 3975 200 4024; x_wconf 87' lang='lat' dir='ltr'>the</span> <span class='ocrx_word' id='word_1_239' title='bbox 213 3975 274 4036; x_wconf 88' lang='lat' dir='ltr'>city,</span> <span class='ocrx_word' id='word_1_240' title='bbox 284 3973 370 4023; x_wconf 87' lang='lat' dir='ltr'>where</span> <span class='ocrx_word' id='word_1_241' title='bbox 386 3973 447 4035; x_wconf 80' lang='lat' dir='ltr'>they</span> <span class='ocrx_word' id='word_1_242' title='bbox 461 3973 541 4022; x_wconf 84' lang='lat' dir='ltr'>found</span> <span class='ocrx_word' id='word_1_243' title='bbox 558 3977 624 4022; x_wconf 82' lang='lat' dir='ltr'>trees</span> <span class='ocrx_word' id='word_1_244' title='bbox 649 3975 703 4021; x_wconf 84' lang='lat' dir='ltr'>erat</span> <span class='ocrx_word' id='word_1_245' title='bbox 726 3972 752 4018; x_wconf 92' lang='lat' dir='ltr'>in</span> <span class='ocrx_word' id='word_1_246' title='bbox 774 3971 914 4033; x_wconf 84' lang='lat' dir='ltr'>obsidione,</span> <span class='ocrx_word' id='word_1_247' title='bbox 945 3974 974 4018; x_wconf 95' lang='lat' dir='ltr'>ut</span> <span class='ocrx_word' id='word_1_248' title='bbox 999 3970 1115 4020; x_wconf 86' lang='lat' dir='ltr'>tellurem</span> 
     </span>
     <span class='ocr_line' id='line_1_36' title="bbox 156 4040 1115 4106; baseline -0.005 -12"><span class='ocrx_word' id='word_1_249' title='bbox 156 4045 196 4095; x_wconf 82' lang='lat' dir='ltr'>for</span> <span class='ocrx_word' id='word_1_250' title='bbox 218 4045 284 4094; x_wconf 90' lang='lat' dir='ltr'>their</span> <span class='ocrx_word' id='word_1_251' title='bbox 305 4057 423 4106; x_wconf 84' lang='lat' dir='ltr'>purpose.</span> <span class='ocrx_word' id='word_1_252' title='bbox 471 4043 541 4092; x_wconf 89' lang='lat' dir='ltr'>Will.</span> <span class='ocrx_word' id='word_1_253' title='bbox 563 4044 623 4105; x_wconf 84' lang='lat' dir='ltr'>Tyr.</span> <span class='ocrx_word' id='word_1_254' title='bbox 649 4045 767 4091; x_wconf 86' lang='lat' dir='ltr'>cavarent</span> <span class='ocrx_word' id='word_1_255' title='bbox 792 4046 817 4090; x_wconf 90' lang='lat' dir='ltr'>et</span> <span class='ocrx_word' id='word_1_256' title='bbox 839 4042 926 4102; x_wconf 85' lang='lat' dir='ltr'>glebas</span> <span class='ocrx_word' id='word_1_257' title='bbox 947 4040 1115 4090; x_wconf 85' lang='lat' dir='ltr'>humectiores</span> 
     </span>
     <span class='ocr_line' id='line_1_37' title="bbox 158 4113 1115 4173; baseline -0.004 -10"><span class='ocrx_word' id='word_1_258' title='bbox 158 4119 216 4164; x_wconf 78' lang='lat'>⁷51.</span> <span class='ocrx_word' id='word_1_259' title='bbox 648 4113 685 4161; x_wconf 92' lang='lat' dir='ltr'>ori</span> <span class='ocrx_word' id='word_1_260' title='bbox 697 4115 861 4173; x_wconf 82' lang='lat' dir='ltr'>apponerent,</span> <span class='ocrx_word' id='word_1_261' title='bbox 871 4113 1032 4173; x_wconf 83' lang='lat' dir='ltr'>rorantiaque</span> <span class='ocrx_word' id='word_1_262' title='bbox 1049 4126 1115 4159; x_wconf 88' lang='lat' dir='ltr'>mar·</span> 
     </span>
    </p>
   </div>
   <div class='ocr_carea' id='block_1_6' title="bbox 84 4182 1116 4248">
    <p class='ocr_par' dir='ltr' id='par_1_6' title="bbox 84 4182 1116 4265">
     <span class='ocr_line' id='line_1_38' title="bbox 84 4182 1116 4248; baseline -0.006 -15"><span class='ocrx_word' id='word_1_263' title='bbox 84 4227 89 4233; x_wconf 95' lang='lat'>.</span> <span class='ocrx_word' id='word_1_264' title='bbox 192 4182 373 4248; x_wconf 59' lang='lat' dir='ltr'>’neopum</span> <span class='ocrx_word' id='word_1_265' title='bbox 396 4184 481 4234; x_wconf 87' lang='lat' dir='ltr'>called</span> <span class='ocrx_word' id='word_1_266' title='bbox 501 4182 556 4232; x_wconf 84' lang='lat' dir='ltr'>also</span> <span class='ocrx_word' id='word_1_267' title='bbox 576 4182 623 4232; x_wconf 86' lang='lat' dir='ltr'>tal·</span> <span class='ocrx_word' id='word_1_268' title='bbox 648 4182 1034 4247; x_wconf 77' lang='lat' dir='ltr'>moralamberent3-plerique,</span> <span class='ocrx_word' id='word_1_269' title='bbox 1040 4184 1116 4244; x_wconf 85' lang='lat' dir='ltr'>prout</span> 
     </span>
    </p>
   </div>
   <div class='ocr_carea' id='block_1_7' title="bbox 0 0 1414 4882">
    <p class='ocr_par' dir='ltr' id='par_1_7' title="bbox 0 0 1414 4882">
     <span class='ocr_line' id='line_1_39' title="bbox 0 0 1414 4882; baseline 0 5"><span class='ocrx_word' id='word_1_270' title='bbox 0 0 1414 4882; x_wconf 95' lang='lat' dir='ltr'> </span> 
     </span>
    </p>
   </div>
  </div>
 </body>
</html>
