2820 4882
351 409 489 459 rnonns
512 407 783 457 ursnomnnuu.
999 389 1042 452 97

98 575 207 634 essent
228 567 435 652 interrogati
449 567 532 652 quid
549 569 614 632 sibi
632 567 737 632 vellet
755 566 835 631 talis
856 586 964 631 coenae
982 587 1042 652 ap·
1056 579 1178 680 affl}-

97 677 250 752 paratus,
264 670 419 736 dicerent
435 671 485 734 sic
500 688 577 733 esse
598 669 786 744 decretum,
809 675 849 732 ut
871 677 1043 751 quotquot
1054 680 1204 722 tucrum·

97 788 137 833 ex
149 768 310 834 hostibus
323 769 485 854 deinceps
499 769 544 834 ab
557 789 677 834 eornm
692 768 969 851 exploratoribus
986 791 1044 835 ca·

96 876 271 951 parentur,
290 890 410 935 omnes
427 871 464 933 iu
483 869 636 953 prandiis
655 869 849 951 principum
872 877 907 934 et
924 872 1042 955 populi

96 969 195 1035 modo
211 970 316 1034 simili
326 977 619 1036 consumerentur.
653 966 845 1034 Audientes
859 978 974 1034 autem
984 973 1045 1054 qui

96 1067 130 1133 in
151 1070 376 1153 expeditione
398 1079 498 1136 erant
520 1078 591 1136 tam
617 1068 819 1134 admirabile
840 1069 981 1148 factum,
1009 1080 1045 1137 et

96 1170 186 1253 qnod
202 1171 240 1234 in
254 1172 378 1236 castris
391 1172 520 1236 domini
538 1169 733 1235 Boamnudi
748 1169 834 1233 talia
848 1180 1045 1252 agerentur,

96 1280 318 1336 accurrerunt
329 1272 491 1349 universi,
503 1279 539 1336 et
553 1271 603 1335 rei
618 1270 807 1333 novitatem
822 1269 1044 1351 admirantes,

98 1371 156 1453 qui
178 1371 365 1437 adfuerunt
391 1372 641 1456 exploratores,
674 1376 786 1434 totum
818 1370 908 1433 serio
937 1371 1044 1437 fnisse

97 1469 228 1536 iactum
242 1479 278 1536 et
293 1473 425 1555 absquo
446 1471 665 1537 simulatione
686 1469 873 1535 credebant
887 1490 896 1550 3
923 1471 1043 1537 timen-

98 1578 148 1636 tes
169 1572 290 1655 itaque
310 1591 354 1636 ue
376 1572 457 1656 quid
481 1572 547 1636 sibi
569 1572 681 1636 simile
699 1569 881 1648 accideret,
902 1571 945 1635 de
967 1592 1044 1638 cas·

98 1671 160 1736 tris
185 1671 304 1737 furtim
326 1674 457 1755 egressi
479 1673 534 1757 ad,
546 1673 688 1755 propria
709 1677 791 1734 sunt
813 1673 942 1735 reversi
963 1674 1044 1752 illis,

98 1772 156 1855 qui
187 1791 249 1837 eos
279 1773 456 1852 miserant,
487 1773 651 1849 dicentes,
682 1770 774 1855 quod
802 1771 951 1854 populus
978 1775 1045 1839 iste

97 1873 250 1938 omnium
276 1873 425 1938 serarum
452 1872 662 1939 silvestrium
692 1870 839 1938 excedat
862 1872 1044 1952 saevitiam,

96 1973 150 2036 cni
167 1992 239 2037 non
258 1972 406 2039 sufficiat
420 1973 486 2037 sibi
499 1975 601 2038 urbes
623 1982 659 2038 et
681 1969 825 2038 castella
846 1971 1045 2054 subjugare,

96 2071 327 2137 omnimodam
358 2073 507 2138 bostium
538 2073 769 2138 substantiam
800 2070 959 2152 diripere,
988 2075 1045 2137 vel

96 2171 251 2237 homines
273 2173 431 2255 captivos
452 2173 692 2238 inclementius
712 2181 874 2254 torquere
897 2178 934 2234 et
955 2174 1047 2237 occi·

97 2272 190 2349 dere,
213 2272 280 2337 nisi
301 2273 443 2357 insuper
461 2281 497 2339 et
518 2273 561 2338 de
578 2274 740 2338 carnibus
756 2291 874 2337 eorum
890 2280 1045 2337 ventrem

98 2393 199 2437 suum
225 2371 368 2455 impleat
395 2381 432 2438 et
459 2373 675 2439 inimicorum
709 2373 879 2455 sanguine
909 2373 1047 2455 sagine-

98 2480 165 2538 tur.
219 2472 318 2537 Exiit
349 2493 433 2556 ergo
458 2493 570 2538 sermo
595 2475 661 2538 iste
684 2474 728 2538 ad
755 2481 872 2558 partes
904 2473 1047 2539 orientis

97 2571 311 2650 remotiores,
333 2581 369 2638 et
390 2573 493 2656 longe
515 2574 648 2656 positas
669 2574 854 2658 perterruit
877 2573 1047 2652 nationes,

98 2673 223 2739 civitas
238 2693 375 2756 quoque
386 2671 606 2738 Antiochena
622 2681 697 2738 tota
714 2675 933 2749 contremuit,
944 2672 1048 2757 bujus

100 2773 181 2838 lacti
199 2773 384 2855 perterrita
409 2774 584 2853 novitate3
609 2774 683 2838 baec
708 2775 854 2840 contulit
871 2774 967 2836 Deus
986 2794 1048 2856 po·

100 2873 182 2955 pulo
214 2891 279 2937 sno
311 2892 373 2954 per
399 2873 551 2938 studium
575 2881 611 2937 et
637 2893 778 2955 operam
805 2872 933 2938 domini
957 2872 1050 2937 Boa-

101 2971 232 3048 mundi,
248 2979 284 3036 et
298 2992 361 3056 per
376 2973 440 3037 boc
462 2974 722 3056 exploratorum
744 2975 854 3056 pestis
872 2967 929 3038 ¹in
950 2981 1049 3056 parte

101 3071 244 3155 quievit.

102 3248 148 3313 Do
177 3247 417 3314 cammenata
438 3248 528 3314 docti
552 3247 718 3334 Godefridi
739 3248 778 3314 ab
803 3250 995 3333 infirmitate,
1024 3258 1053 3313 et

414 3348 608 3435 apritudinis
622 3371 729 3414 coma.

150 3471 312 3538 Surrexit
325 3480 494 3556 praeterea
509 3475 546 3538 in
564 3454 718 3538 exercitu
735 3476 858 3556 ingens
872 3473 995 3537 laetitia
1010 3471 1053 3536 de
1065 3482 1172 3573 mle

105 3573 381 3639 convalescentia
411 3574 509 3638 ducis
540 3572 733 3651 Godeiridi,
769 3574 829 3657 qui
860 3573 903 3637 de
936 3571 1053 3637 valida
1065 3585 1163 3632 eumn·

105 3673 317 3755 aegritudinis
332 3674 491 3739 molestia
507 3673 609 3757 plene
624 3676 807 3739 restitutus
822 3682 875 3738 est
889 3673 1051 3751 sanitati3

105 3780 280 3856 receperat
316 3792 466 3855 namque
502 3773 596 3857 apud
627 3771 849 3838 Antiochiam
887 3774 1052 3836 minorem

136 4011 145 4044 ¹
161 4015 193 4063 In
206 4017 278 4078 porte
288 4008 403 4081 quieuit]
421 4015 563 4064 Wendover
596 3992 657 4064 badi
673 4018 699 4063 to
716 4015 758 4064 the
775 4029 848 4076 camp
864 4013 894 4062 ol
907 4013 949 4062 the
960 4013 1054 4062 Crosa·

105 4082 148 4133 bas
175 4083 236 4133 bere
263 4084 369 4132 omitted
391 4085 433 4133 the
455 4090 563 4135 account
595 4085 664 4135 ders.
706 4085 830 4146 Compare
853 4084 923 4134 Will.
945 4083 1005 4144 Tyr.
1028 4099 1054 4145 p.

107 4155 223 4216 givenby
233 4153 389 4204 Williamol'
401 4155 507 4217 Tyreof
520 4155 562 4204 the
595 4160 654 4218 996,
672 4155 735 4204 with
758 4156 860 4205 Robert.
880 4153 1000 4203 Monach.
1029 4168 1055 4214 p.

107 4223 563 4288 ombassysentbytbecaliphMost·
597 4230 638 4275 51.

152 4315 232 4363 vol..
257 4315 294 4361 ll.
650 4321 653 4325 ·
881 4316 906 4362 H
