2820 4882
370 397 507 445 riorus
536 397 804 446 ursroarrnuu.
993 383 1059 448 367

108 576 185 620 nem
209 562 414 632 conventus,
445 557 585 621 missam
613 557 849 622 celebraturus
872 558 1059 622 solemnem
1072 575 1126 616 nc.
1140 574 1194 614 1111.

107 663 142 721 et
159 675 350 720 sermonem
368 655 413 718 ad
435 657 601 739 populum
624 656 817 735 habiturus,
840 659 890 723 sic
912 677 1059 722 exorsus

106 762 172 833 est,
196 754 418 819 ‘Secundum
442 755 698 820 multitudinem
724 755 879 821 dolorum
904 778 1059 827 meorum

106 855 143 918 in
166 854 269 918 corde
293 873 383 932 meo,
406 855 662 920 consolationes
688 861 759 919 tuae
784 856 965 922 laetificant
986 857 1061 920 ani-

107 974 200 1018 mam
217 952 354 1019 meam.’

132 1128 183 1191 De
197 1127 332 1194 tonitruo
344 1129 483 1215 peierati
498 1138 526 1194 ot
538 1131 749 1215 satisfactione
762 1130 843 1217 repis
852 1151 916 1216 pro
932 1137 1026 1195 mom

476 1227 557 1296 beuti
573 1231 701 1296 lbomae.

160 1350 266 1417 Anno
292 1353 434 1419 Domini
457 1371 630 1420 ncnxxu.
656 1355 692 1419 in
716 1362 818 1420 nocte
840 1352 967 1419 natalis
987 1352 1198 1419 Dum-¹¹⁷²·

110 1451 198 1516 mini
224 1445 395 1517 ¹tonitrua
417 1453 537 1519 audita
559 1463 642 1520 sunt
663 1455 851 1537 generalia,
875 1455 911 1517 in
932 1452 1063 1535 Anglia

111 1551 258 1629 scilicet,
276 1551 447 1616 Hibernia
468 1560 504 1618 et
522 1553 653 1632 Gallia,
678 1555 794 1618 subita
815 1562 851 1619 et
872 1553 1063 1631 horribilia,

111 1653 230 1716 orbem
256 1651 403 1715 fortasse
426 1652 470 1716 ad
496 1672 588 1717 nova
606 1655 697 1718 beati
727 1653 872 1718 Thomae
900 1654 1063 1736 martyris

111 1750 281 1815 miracula
296 1771 340 1815 ex
358 1750 504 1815 diversis
531 1754 688 1835 partibus
703 1753 900 1831 invitantia,
917 1759 957 1817 ut
973 1753 1063 1817 sicut

110 1850 315 1932 sanguinem
334 1870 434 1914 suum
459 1871 523 1934 pro
536 1852 724 1917 universali
739 1852 891 1935 perfudit
906 1851 1063 1929 ecclesia,

111 1951 164 2014 ita
187 1950 263 2033 ejus
288 1949 405 2034 passio
430 1951 477 2016 sit
504 1952 712 2034 generaliter
736 1954 781 2016 ab
809 1951 967 2016 omnibus
996 1951 1063 2034 piis

112 2049 291 2114 desideriis
316 2050 510 2115 recolenda.
563 2051 693 2116 Eodem
710 2059 877 2135 tempore,
892 2068 974 2132 rege
990 2049 1064 2114 An-

114 2148 250 2231 glorum
280 2170 412 2215 moram
441 2149 590 2217 faciente
616 2152 653 2216 in
681 2152 865 2228 Hibernia,
889 2150 999 2232 Hugo
1021 2149 1064 2214 de

113 2249 231 2314 Seinte
256 2249 357 2314 More
382 2258 419 2315 et
443 2250 651 2334 Radulphus
677 2252 719 2315 de
749 2250 845 2326 Faie,
869 2247 1063 2314 avunculus

116 2347 261 2413 Alienon
284 2350 425 2432 reginae,
447 2350 591 2414 consilio
609 2351 731 2435 ipsius,
748 2357 788 2414 ut
810 2349 946 2422 dicitur,
969 2348 1062 2430 regis

116 2447 262 2512 Henrici
288 2447 438 2532 junioris
468 2449 618 2513 animum
649 2456 829 2532 coeperunt
861 2451 1016 2514 avertere
1042 2467 1064 2511 a

114 2556 214 2631 patre
237 2567 314 2626 sno,
336 2555 542 2626 asserentes
565 2549 792 2631 incongruum
814 2548 923 2614 videri
946 2567 1062 2629 regem

115 2647 303 2731 quemlibet
331 2666 407 2712 esse
429 2657 465 2713 et
487 2648 756 2714 dominationem
778 2650 814 2712 in
837 2667 945 2729 regno
967 2647 1063 2712 debi-

115 2754 186 2811 tam
213 2766 284 2810 non
308 2747 456 2827 habere3
491 2748 552 2811 sed
580 2767 643 2812 rex
674 2757 786 2831 pater,
808 2755 995 2832 antequam
1019 2748 1063 2810 ab

117 2845 289 2911 Hibernia
302 2847 442 2924 rediret,
459 2840 472 2878 ²
477 2847 570 2930 apud
592 2847 767 2913 Lissemor
781 2848 962 2913 concilium
981 2865 1063 2911 con·
1075 2867 1196 2911 couneus

116 2947 287 3029 gregavit,
319 2948 378 3010 ubi
407 2946 502 3028 leges
534 2945 675 3029 Angliee
709 2950 752 3012 ab
788 2947 947 3011 omnibus
982 2921 1177 3010 summme.

116 3053 296 3129 gratanter
319 3053 467 3129 receptae
484 3053 520 3110 et
534 3045 708 3131 juratoria
727 3044 888 3110 cautione
908 3045 1066 3128 proestita

116 3146 342 3210 confirmatae.
395 3146 508 3211 Urbes
524 3153 560 3211 et
576 3146 731 3222 castella,
754 3164 833 3228 quae
856 3163 919 3208 rex
940 3145 978 3207 in
1000 3163 1066 3211 sua

116 3253 306 3329 receperat,
321 3247 386 3309 sub
401 3245 494 3310 fideli
513 3246 671 3310 custodia
684 3243 884 3328 deputavit3
915 3250 963 3320 et,
979 3262 1065 3324 quo·

116 3345 210 3408 niam
228 3345 327 3409 varia
343 3345 457 3426 ipsum
475 3346 658 3410 trahebant
676 3346 827 3428 negotia,
844 3345 880 3407 in
904 3343 959 3407 die
976 3341 1065 3406 Pas·

117 3444 192 3509 choe
219 3446 284 3509 sub
315 3445 425 3527 ipsius
459 3446 527 3509 diei
556 3445 759 3529 crepusculo
789 3463 913 3508 navem
947 3461 1067 3509 ascen-

117 3544 203 3608 dens
228 3542 264 3606 in
289 3545 442 3609 crastino
469 3545 638 3629 applicuit
658 3546 694 3608 in
718 3545 896 3621 walliam,
927 3552 962 3608 et
988 3542 1068 3606 inde

118 3642 372 3708 Porecestriam
388 3644 531 3709 veniens
552 3645 775 3728 navigatIone
798 3643 889 3707 felici
916 3643 952 3706 in
976 3642 1068 3706 Nor-

116 3742 292 3807 manniam
313 3751 367 3809 est
388 3750 618 3809 transvectus.
673 3746 719 3809 Et
735 3743 915 3808 confestim
933 3742 977 3805 ad
993 3761 1069 3806 car-

152 3905 285 3956 ¹Torritruu
296 3903 402 3966 audita]
423 3905 581 3968 Diceto,col.
608 3909 685 3954 states
703 3904 746 3953 the
765 3903 862 3953 councll
879 3909 905 3953 to
921 3903 986 3952 have
1004 3903 1069 3951 been

117 3979 175 4028 559.
607 3975 702 4024 heldat
711 3973 933 4036 Waterford,with
946 3972 1069 4022 Girnldus

608 4044 780 4105 Gambrensis‚
799 4044 857 4092 who
876 4045 947 4105 gives
965 4041 1008 4091 the
1026 4042 1070 4091 de·

151 4112 242 4179 ²Apud
250 4114 393 4178 aaaron]
412 4115 581 4176 Diceto,ibid.
608 4115 726 4164 craesos
744 4114 786 4163 the
805 4113 885 4174 synod
902 4112 971 4174 held,
988 4127 1018 4162 as
1037 4112 1069 4161 he

116 4185 242 4248 Compare
260 4184 393 4247 Hoveden,
410 4200 437 4246 p.
455 4189 513 4249 527,
523 4185 582 4234 who
608 4189 713 4248 asserta,
724 4189 752 4234 at
762 4183 864 4235 Gashel.
