<?xml version="1.0" encoding="UTF-8"?>
<!DOCTYPE html PUBLIC "-//W3C//DTD XHTML 1.0 Transitional//EN"
    "http://www.w3.org/TR/xhtml1/DTD/xhtml1-transitional.dtd">
<html xmlns="http://www.w3.org/1999/xhtml" xml:lang="en" lang="en">
 <head>
  <title>
</title>
<meta http-equiv="Content-Type" content="text/html;charset=utf-8" />
  <meta name='ocr-system' content='tesseract 3.04.00' />
  <meta name='ocr-capabilities' content='ocr_page ocr_carea ocr_par ocr_line ocrx_word'/>
</head>
<body>
  <div class='ocr_page' id='page_1' title='image "./rogeridewendove01rogegoog_0170.png"; bbox 0 0 2820 4882; ppageno 0'>
   <div class='ocr_carea' id='block_1_1' title="bbox 361 389 1047 461">
    <p class='ocr_par' dir='ltr' id='par_1_1' title="bbox 361 389 1047 461">
     <span class='ocr_line' id='line_1_1' title="bbox 361 389 1047 461; baseline 0.003 -10"><span class='ocrx_word' id='word_1_1' title='bbox 361 400 501 461; x_wconf 71' lang='lat' dir='ltr'><strong>anonas</strong></span> <span class='ocrx_word' id='word_1_2' title='bbox 527 403 798 453; x_wconf 81' lang='lat' dir='ltr'><strong>nrsronmrun.</strong></span> <span class='ocrx_word' id='word_1_3' title='bbox 982 389 1047 453; x_wconf 81' lang='lat'><strong>159</strong></span> 
     </span>
    </p>
   </div>
   <div class='ocr_carea' id='block_1_2' title="bbox 23 558 1210 4239">
    <p class='ocr_par' dir='ltr' id='par_1_2' title="bbox 23 558 1210 4239">
     <span class='ocr_line' id='line_1_2' title="bbox 96 558 1210 642; baseline 0 -21"><span class='ocrx_word' id='word_1_4' title='bbox 96 558 338 642; x_wconf 75' lang='lat' dir='ltr'><strong>praesignavit,</strong></span> <span class='ocrx_word' id='word_1_5' title='bbox 368 558 450 622; x_wconf 85' lang='lat' dir='ltr'><strong>licet</strong></span> <span class='ocrx_word' id='word_1_6' title='bbox 486 560 725 642; x_wconf 84' lang='lat' dir='ltr'><strong>experimenta</strong></span> <span class='ocrx_word' id='word_1_7' title='bbox 754 561 824 624; x_wconf 90' lang='lat' dir='ltr'><strong>alia</strong></span> <span class='ocrx_word' id='word_1_8' title='bbox 854 580 923 626; x_wconf 96' lang='lat' dir='ltr'><strong>non</strong></span> <span class='ocrx_word' id='word_1_9' title='bbox 950 562 1048 626; x_wconf 83' lang='lat' dir='ltr'><strong>dces-</strong></span> <span class='ocrx_word' id='word_1_10' title='bbox 1059 581 1210 622; x_wconf 67' lang='lat' dir='ltr'><strong>annu..</strong></span> 
     </span>
     <span class='ocr_line' id='line_1_3' title="bbox 98 656 1047 744; baseline 0.003 -21"><span class='ocrx_word' id='word_1_11' title='bbox 98 665 188 723; x_wconf 85' lang='lat' dir='ltr'><strong>sent.</strong></span> <span class='ocrx_word' id='word_1_12' title='bbox 243 658 338 721; x_wconf 92' lang='lat' dir='ltr'><strong>Nam</strong></span> <span class='ocrx_word' id='word_1_13' title='bbox 362 656 562 735; x_wconf 89' lang='lat' dir='ltr'><strong>Anselmus,</strong></span> <span class='ocrx_word' id='word_1_14' title='bbox 591 658 853 724; x_wconf 87' lang='lat' dir='ltr'><strong>Cantuariensis</strong></span> <span class='ocrx_word' id='word_1_15' title='bbox 877 661 1047 744; x_wconf 90' lang='lat' dir='ltr'><strong>archiepi-</strong></span> 
     </span>
     <span class='ocr_line' id='line_1_4' title="bbox 99 757 1047 842; baseline 0.006 -23"><span class='ocrx_word' id='word_1_16' title='bbox 99 776 238 840; x_wconf 88' lang='lat' dir='ltr'><strong>scopus,</strong></span> <span class='ocrx_word' id='word_1_17' title='bbox 255 759 299 820; x_wconf 94' lang='lat' dir='ltr'><strong>ob</strong></span> <span class='ocrx_word' id='word_1_18' title='bbox 316 757 410 821; x_wconf 91' lang='lat' dir='ltr'><strong>illius</strong></span> <span class='ocrx_word' id='word_1_19' title='bbox 425 759 642 840; x_wconf 81' lang='lat' dir='ltr'>tyrannidem</span> <span class='ocrx_word' id='word_1_20' title='bbox 660 779 723 842; x_wconf 88' lang='lat' dir='ltr'><strong>per</strong></span> <span class='ocrx_word' id='word_1_21' title='bbox 742 762 927 825; x_wconf 82' lang='lat' dir='ltr'><strong>triennium</strong></span> <span class='ocrx_word' id='word_1_22' title='bbox 949 769 1047 825; x_wconf 86' lang='lat' dir='ltr'><strong>trans</strong></span> 
     </span>
     <span class='ocr_line' id='line_1_5' title="bbox 99 857 1048 939; baseline 0.006 -21"><span class='ocrx_word' id='word_1_23' title='bbox 99 875 193 919; x_wconf 91' lang='lat' dir='ltr'><strong>mare</strong></span> <span class='ocrx_word' id='word_1_24' title='bbox 213 857 348 939; x_wconf 91' lang='lat' dir='ltr'><strong>pulsus,</strong></span> <span class='ocrx_word' id='word_1_25' title='bbox 367 876 388 919; x_wconf 90' lang='lat' dir='ltr'><strong>a</strong></span> <span class='ocrx_word' id='word_1_26' title='bbox 408 857 524 922; x_wconf 88' lang='lat' dir='ltr'><strong>Roma</strong></span> <span class='ocrx_word' id='word_1_27' title='bbox 538 859 820 922; x_wconf 89' lang='lat' dir='ltr'><strong>Marcenniacum</strong></span> <span class='ocrx_word' id='word_1_28' title='bbox 838 862 933 925; x_wconf 91' lang='lat' dir='ltr'><strong>venit</strong></span> <span class='ocrx_word' id='word_1_29' title='bbox 955 862 1048 925; x_wconf 91' lang='lat' dir='ltr'><strong>circa</strong></span> 
     </span>
     <span class='ocr_line' id='line_1_6' title="bbox 98 954 1047 1040; baseline 0.005 -22"><span class='ocrx_word' id='word_1_30' title='bbox 98 954 268 1019; x_wconf 79' lang='lat' dir='ltr'><strong>kalendas</strong></span> <span class='ocrx_word' id='word_1_31' title='bbox 277 955 443 1037; x_wconf 82' lang='lat' dir='ltr'><strong>Augusti,</strong></span> <span class='ocrx_word' id='word_1_32' title='bbox 462 964 502 1020; x_wconf 92' lang='lat' dir='ltr'><strong>ut</strong></span> <span class='ocrx_word' id='word_1_33' title='bbox 521 959 632 1021; x_wconf 90' lang='lat' dir='ltr'><strong>sancti</strong></span> <span class='ocrx_word' id='word_1_34' title='bbox 652 958 829 1040; x_wconf 84' lang='lat' dir='ltr'><strong>Hngonis,</strong></span> <span class='ocrx_word' id='word_1_35' title='bbox 842 958 1047 1024; x_wconf 88' lang='lat' dir='ltr'><strong>Cluniacen-</strong></span> 
     </span>
     <span class='ocr_line' id='line_1_7' title="bbox 99 1056 1047 1138; baseline 0.004 -20"><span class='ocrx_word' id='word_1_36' title='bbox 99 1056 147 1118; x_wconf 87' lang='lat' dir='ltr'><strong>sis</strong></span> <span class='ocrx_word' id='word_1_37' title='bbox 163 1057 314 1132; x_wconf 87' lang='lat' dir='ltr'><strong>abbatis,</strong></span> <span class='ocrx_word' id='word_1_38' title='bbox 332 1056 503 1138; x_wconf 92' lang='lat' dir='ltr'><strong>colloquio</strong></span> <span class='ocrx_word' id='word_1_39' title='bbox 521 1057 711 1136; x_wconf 83' lang='lat' dir='ltr'><strong>frueretur3</strong></span> <span class='ocrx_word' id='word_1_40' title='bbox 735 1060 794 1122; x_wconf 93' lang='lat' dir='ltr'><strong>ubi</strong></span> <span class='ocrx_word' id='word_1_41' title='bbox 811 1077 889 1123; x_wconf 90' lang='lat' dir='ltr'><strong>cum</strong></span> <span class='ocrx_word' id='word_1_42' title='bbox 905 1059 948 1135; x_wconf 79' lang='lat' dir='ltr'><strong>de</strong></span> <span class='ocrx_word' id='word_1_43' title='bbox 964 1079 1047 1138; x_wconf 85' lang='lat' dir='ltr'><strong>rege</strong></span> 
     </span>
     <span class='ocr_line' id='line_1_8' title="bbox 99 1154 1047 1233; baseline 0.003 -15"><span class='ocrx_word' id='word_1_44' title='bbox 99 1154 279 1219; x_wconf 88' lang='lat' dir='ltr'><strong>Willclmo</strong></span> <span class='ocrx_word' id='word_1_45' title='bbox 304 1157 395 1219; x_wconf 89' lang='lat' dir='ltr'><strong>inter</strong></span> <span class='ocrx_word' id='word_1_46' title='bbox 414 1174 474 1220; x_wconf 92' lang='lat' dir='ltr'><strong>eos</strong></span> <span class='ocrx_word' id='word_1_47' title='bbox 497 1175 610 1220; x_wconf 88' lang='lat' dir='ltr'><strong>sermo</strong></span> <span class='ocrx_word' id='word_1_48' title='bbox 632 1157 828 1233; x_wconf 88' lang='lat' dir='ltr'><strong>haberetur,</strong></span> <span class='ocrx_word' id='word_1_49' title='bbox 856 1159 963 1221; x_wconf 91' lang='lat' dir='ltr'><strong>abbas</strong></span> <span class='ocrx_word' id='word_1_50' title='bbox 988 1159 1047 1221; x_wconf 91' lang='lat' dir='ltr'><strong>ille</strong></span> 
     </span>
     <span class='ocr_line' id='line_1_9' title="bbox 99 1254 1049 1339; baseline 0.002 -21"><span class='ocrx_word' id='word_1_51' title='bbox 99 1254 307 1318; x_wconf 87' lang='lat' dir='ltr'><strong>venerahilis</strong></span> <span class='ocrx_word' id='word_1_52' title='bbox 340 1254 599 1338; x_wconf 81' lang='lat' dir='ltr'><strong>archiepiscopo</strong></span> <span class='ocrx_word' id='word_1_53' title='bbox 622 1257 833 1339; x_wconf 87' lang='lat' dir='ltr'><strong>respondens</strong></span> <span class='ocrx_word' id='word_1_54' title='bbox 862 1259 926 1320; x_wconf 89' lang='lat' dir='ltr'><strong>sub</strong></span> <span class='ocrx_word' id='word_1_55' title='bbox 950 1258 1049 1321; x_wconf 67' lang='lat' dir='ltr'><strong>testi«-</strong></span> 
     </span>
     <span class='ocr_line' id='line_1_10' title="bbox 23 1353 1049 1444; baseline 0.004 -28"><span class='ocrx_word' id='word_1_56' title='bbox 23 1436 28 1444; x_wconf 30' lang='lat'>.</span> <span class='ocrx_word' id='word_1_57' title='bbox 100 1354 216 1418; x_wconf 92' lang='lat' dir='ltr'><strong>monio</strong></span> <span class='ocrx_word' id='word_1_58' title='bbox 232 1353 352 1417; x_wconf 90' lang='lat' dir='ltr'><strong>intulit</strong></span> <span class='ocrx_word' id='word_1_59' title='bbox 370 1356 539 1433; x_wconf 85' lang='lat' dir='ltr'><strong>veritatis,</strong></span> <span class='ocrx_word' id='word_1_60' title='bbox 552 1365 561 1390; x_wconf 81' lang='lat'>⁶</span> <span class='ocrx_word' id='word_1_61' title='bbox 574 1355 740 1420; x_wconf 86' lang='lat' dir='ltr'><strong>Proxima</strong></span> <span class='ocrx_word' id='word_1_62' title='bbox 755 1363 855 1420; x_wconf 88' lang='lat' dir='ltr'><strong>nocte</strong></span> <span class='ocrx_word' id='word_1_63' title='bbox 870 1358 1049 1438; x_wconf 87' lang='lat' dir='ltr'><strong>praeterita·</strong></span> 
     </span>
     <span class='ocr_line' id='line_1_11' title="bbox 100 1452 1048 1534; baseline 0.005 -19"><span class='ocrx_word' id='word_1_64' title='bbox 100 1452 173 1516; x_wconf 86' lang='lat' dir='ltr'><strong>vidi</strong></span> <span class='ocrx_word' id='word_1_65' title='bbox 198 1472 316 1534; x_wconf 85' lang='lat' dir='ltr'><strong>regem</strong></span> <span class='ocrx_word' id='word_1_66' title='bbox 340 1454 439 1517; x_wconf 90' lang='lat' dir='ltr'><strong>illum</strong></span> <span class='ocrx_word' id='word_1_67' title='bbox 467 1462 549 1518; x_wconf 87' lang='lat' dir='ltr'><strong>ante</strong></span> <span class='ocrx_word' id='word_1_68' title='bbox 569 1456 732 1519; x_wconf 88' lang='lat' dir='ltr'><strong>thronum</strong></span> <span class='ocrx_word' id='word_1_69' title='bbox 760 1455 828 1519; x_wconf 88' lang='lat' dir='ltr'><strong>Dei</strong></span> <span class='ocrx_word' id='word_1_70' title='bbox 860 1456 1048 1520; x_wconf 91' lang='lat' dir='ltr'><strong>adductum</strong></span> 
     </span>
     <span class='ocr_line' id='line_1_12' title="bbox 103 1554 1048 1638; baseline 0.003 -21"><span class='ocrx_word' id='word_1_71' title='bbox 103 1560 137 1617; x_wconf 91' lang='lat' dir='ltr'><strong>et</strong></span> <span class='ocrx_word' id='word_1_72' title='bbox 154 1560 370 1630; x_wconf 86' lang='lat' dir='ltr'><strong>accusatum,</strong></span> <span class='ocrx_word' id='word_1_73' title='bbox 391 1561 427 1617; x_wconf 90' lang='lat' dir='ltr'><strong>et</strong></span> <span class='ocrx_word' id='word_1_74' title='bbox 448 1574 471 1618; x_wconf 90' lang='lat' dir='ltr'><strong>a</strong></span> <span class='ocrx_word' id='word_1_75' title='bbox 486 1554 585 1638; x_wconf 89' lang='lat' dir='ltr'><strong>justo</strong></span> <span class='ocrx_word' id='word_1_76' title='bbox 608 1554 631 1618; x_wconf 84' lang='lat' dir='ltr'><strong>J</strong></span> <span class='ocrx_word' id='word_1_77' title='bbox 634 1556 733 1619; x_wconf 88' lang='lat' dir='ltr'><strong>udice</strong></span> <span class='ocrx_word' id='word_1_78' title='bbox 755 1555 986 1620; x_wconf 84' lang='lat' dir='ltr'><strong>damnationis</strong></span> <span class='ocrx_word' id='word_1_79' title='bbox 1010 1556 1048 1620; x_wconf 92' lang='lat' dir='ltr'><strong>in</strong></span> 
     </span>
     <span class='ocr_line' id='line_1_13' title="bbox 100 1652 1048 1738; baseline 0.006 -24"><span class='ocrx_word' id='word_1_80' title='bbox 100 1652 198 1716; x_wconf 90' lang='lat' dir='ltr'><strong>illum</strong></span> <span class='ocrx_word' id='word_1_81' title='bbox 224 1652 438 1717; x_wconf 66' lang='lat' dir='ltr'><strong>&#39;sententiam</strong></span> <span class='ocrx_word' id='word_1_82' title='bbox 467 1655 722 1736; x_wconf 85' lang='lat' dir='ltr'><strong>promulgatam</strong></span> <span class='ocrx_word' id='word_1_83' title='bbox 733 1654 754 1734; x_wconf 81' lang='lat'><strong>3⁹</strong></span> <span class='ocrx_word' id='word_1_84' title='bbox 785 1655 858 1732; x_wconf 91' lang='lat' dir='ltr'><strong>sed,</strong></span> <span class='ocrx_word' id='word_1_85' title='bbox 876 1656 1048 1738; x_wconf 92' lang='lat' dir='ltr'><strong>quomodo</strong></span> 
     </span>
     <span class='ocr_line' id='line_1_14' title="bbox 102 1742 1049 1837; baseline 0.007 -24"><span class='ocrx_word' id='word_1_86' title='bbox 102 1751 187 1814; x_wconf 91' lang='lat' dir='ltr'><strong>illud</strong></span> <span class='ocrx_word' id='word_1_87' title='bbox 209 1752 327 1828; x_wconf 89' lang='lat' dir='ltr'><strong>sciret,</strong></span> <span class='ocrx_word' id='word_1_88' title='bbox 345 1772 408 1816; x_wconf 87' lang='lat' dir='ltr'><strong>nec</strong></span> <span class='ocrx_word' id='word_1_89' title='bbox 427 1754 501 1835; x_wconf 88' lang='lat' dir='ltr'><strong>ipse</strong></span> <span class='ocrx_word' id='word_1_90' title='bbox 523 1742 614 1817; x_wconf 87' lang='lat' dir='ltr'><strong>tunc</strong></span> <span class='ocrx_word' id='word_1_91' title='bbox 629 1756 803 1837; x_wconf 86' lang='lat' dir='ltr'><strong>exposuit,</strong></span> <span class='ocrx_word' id='word_1_92' title='bbox 829 1775 892 1819; x_wconf 89' lang='lat' dir='ltr'><strong>nec</strong></span> <span class='ocrx_word' id='word_1_93' title='bbox 917 1756 1049 1820; x_wconf 91' lang='lat' dir='ltr'><strong>archie-</strong></span> 
     </span>
     <span class='ocr_line' id='line_1_15' title="bbox 101 1851 1048 1934; baseline 0.004 -20"><span class='ocrx_word' id='word_1_94' title='bbox 101 1851 279 1934; x_wconf 90' lang='lat' dir='ltr'><strong>piscopus,</strong></span> <span class='ocrx_word' id='word_1_95' title='bbox 297 1859 439 1934; x_wconf 87' lang='lat' dir='ltr'><strong>propter</strong></span> <span class='ocrx_word' id='word_1_96' title='bbox 466 1853 561 1917; x_wconf 91' lang='lat' dir='ltr'><strong>illius</strong></span> <span class='ocrx_word' id='word_1_97' title='bbox 592 1855 812 1919; x_wconf 84' lang='lat' dir='ltr'><strong>eminentiam</strong></span> <span class='ocrx_word' id='word_1_98' title='bbox 840 1855 1048 1932; x_wconf 87' lang='lat' dir='ltr'><strong>sanctitatis,</strong></span> 
     </span>
     <span class='ocr_line' id='line_1_16' title="bbox 103 1951 1048 2037; baseline 0.005 -23"><span class='ocrx_word' id='word_1_99' title='bbox 103 1970 165 2014; x_wconf 87' lang='lat' dir='ltr'><strong>nac</strong></span> <span class='ocrx_word' id='word_1_100' title='bbox 185 1951 277 2014; x_wconf 90' lang='lat' dir='ltr'><strong>alins</strong></span> <span class='ocrx_word' id='word_1_101' title='bbox 298 1952 511 2016; x_wconf 87' lang='lat' dir='ltr'><strong>audientium</strong></span> <span class='ocrx_word' id='word_1_102' title='bbox 532 1954 676 2035; x_wconf 91' lang='lat' dir='ltr'><strong>quilibet</strong></span> <span class='ocrx_word' id='word_1_103' title='bbox 699 1956 940 2037; x_wconf 87' lang='lat' dir='ltr'><strong>[percontatus</strong></span> <span class='ocrx_word' id='word_1_104' title='bbox 965 1955 1048 2036; x_wconf 60' lang='lat' dir='ltr'><strong>estJ,</strong></span> 
     </span>
     <span class='ocr_line' id='line_1_17' title="bbox 100 2050 1050 2136; baseline 0.004 -23"><span class='ocrx_word' id='word_1_105' title='bbox 100 2050 194 2114; x_wconf 40' lang='lat' dir='ltr'><strong>*Item</strong></span> <span class='ocrx_word' id='word_1_106' title='bbox 210 2052 369 2133; x_wconf 87' lang='lat' dir='ltr'><strong>sequenti</strong></span> <span class='ocrx_word' id='word_1_107' title='bbox 394 2052 461 2129; x_wconf 87' lang='lat' dir='ltr'><strong>die,</strong></span> <span class='ocrx_word' id='word_1_108' title='bbox 478 2072 557 2116; x_wconf 91' lang='lat' dir='ltr'><strong>cum</strong></span> <span class='ocrx_word' id='word_1_109' title='bbox 574 2054 852 2136; x_wconf 87' lang='lat' dir='ltr'><strong>archiepiscopus</strong></span> <span class='ocrx_word' id='word_1_110' title='bbox 871 2054 952 2117; x_wconf 91' lang='lat' dir='ltr'><strong>inde</strong></span> <span class='ocrx_word' id='word_1_111' title='bbox 973 2073 1050 2135; x_wconf 88' lang='lat' dir='ltr'><strong>pro-</strong></span> 
     </span>
     <span class='ocr_line' id='line_1_18' title="bbox 103 2149 1051 2234; baseline 0.003 -21"><span class='ocrx_word' id='word_1_112' title='bbox 103 2169 245 2230; x_wconf 85' lang='lat' dir='ltr'><strong>gressus</strong></span> <span class='ocrx_word' id='word_1_113' title='bbox 273 2149 482 2232; x_wconf 83' lang='lat' dir='ltr'><strong>Lugdunum</strong></span> <span class='ocrx_word' id='word_1_114' title='bbox 507 2154 671 2230; x_wconf 88' lang='lat' dir='ltr'><strong>venisset,</strong></span> <span class='ocrx_word' id='word_1_115' title='bbox 699 2161 734 2217; x_wconf 89' lang='lat' dir='ltr'><strong>et</strong></span> <span class='ocrx_word' id='word_1_116' title='bbox 766 2160 867 2218; x_wconf 88' lang='lat' dir='ltr'><strong>nocte</strong></span> <span class='ocrx_word' id='word_1_117' title='bbox 893 2153 1051 2234; x_wconf 86' lang='lat' dir='ltr'><strong>sequenti</strong></span> 
     </span>
     <span class='ocr_line' id='line_1_19' title="bbox 100 2249 1051 2336; baseline 0.002 -21"><span class='ocrx_word' id='word_1_118' title='bbox 100 2249 275 2327; x_wconf 91' lang='lat' dir='ltr'><strong>monachi,</strong></span> <span class='ocrx_word' id='word_1_119' title='bbox 290 2252 351 2332; x_wconf 91' lang='lat' dir='ltr'><strong>qui</strong></span> <span class='ocrx_word' id='word_1_120' title='bbox 366 2271 445 2315; x_wconf 93' lang='lat' dir='ltr'><strong>cum</strong></span> <span class='ocrx_word' id='word_1_121' title='bbox 457 2250 625 2317; x_wconf 89' lang='lat' dir='ltr'><strong>Anselmo</strong></span> <span class='ocrx_word' id='word_1_122' title='bbox 639 2260 750 2331; x_wconf 91' lang='lat' dir='ltr'><strong>erant,</strong></span> <span class='ocrx_word' id='word_1_123' title='bbox 766 2253 956 2318; x_wconf 90' lang='lat' dir='ltr'><strong>matutinos</strong></span> <span class='ocrx_word' id='word_1_124' title='bbox 974 2252 1051 2336; x_wconf 89' lang='lat' dir='ltr'><strong>ipso</strong></span> 
     </span>
     <span class='ocr_line' id='line_1_20' title="bbox 103 2351 1051 2436; baseline 0 -22"><span class='ocrx_word' id='word_1_125' title='bbox 103 2357 277 2432; x_wconf 85' lang='lat' dir='ltr'><strong>praesente</strong></span> <span class='ocrx_word' id='word_1_126' title='bbox 301 2351 556 2428; x_wconf 86' lang='lat' dir='ltr'><strong>decantassent,</strong></span> <span class='ocrx_word' id='word_1_127' title='bbox 576 2371 656 2416; x_wconf 89' lang='lat' dir='ltr'><strong>ecce</strong></span> <span class='ocrx_word' id='word_1_128' title='bbox 672 2353 812 2436; x_wconf 87' lang='lat' dir='ltr'><strong>juvenis</strong></span> <span class='ocrx_word' id='word_1_129' title='bbox 833 2354 1051 2435; x_wconf 90' lang='lat' dir='ltr'><strong>quidam,or-</strong></span> 
     </span>
     <span class='ocr_line' id='line_1_21' title="bbox 104 2452 1051 2534; baseline 0.003 -22"><span class='ocrx_word' id='word_1_130' title='bbox 104 2457 190 2512; x_wconf 91' lang='lat' dir='ltr'><strong>natu</strong></span> <span class='ocrx_word' id='word_1_131' title='bbox 221 2468 365 2514; x_wconf 89' lang='lat' dir='ltr'><strong>serenus</strong></span> <span class='ocrx_word' id='word_1_132' title='bbox 396 2470 438 2515; x_wconf 89' lang='lat' dir='ltr'><strong>ac</strong></span> <span class='ocrx_word' id='word_1_133' title='bbox 467 2452 579 2528; x_wconf 89' lang='lat' dir='ltr'><strong>vultu,</strong></span> <span class='ocrx_word' id='word_1_134' title='bbox 612 2452 736 2517; x_wconf 86' lang='lat' dir='ltr'><strong>clerico</strong></span> <span class='ocrx_word' id='word_1_135' title='bbox 768 2452 904 2516; x_wconf 90' lang='lat' dir='ltr'><strong>cuidam</strong></span> <span class='ocrx_word' id='word_1_136' title='bbox 940 2453 1051 2534; x_wconf 87' lang='lat' dir='ltr'><strong>ipsius</strong></span> 
     </span>
     <span class='ocr_line' id='line_1_22' title="bbox 104 2549 1051 2633; baseline 0.002 -20"><span class='ocrx_word' id='word_1_137' title='bbox 104 2549 366 2632; x_wconf 87' lang='lat' dir='ltr'><strong>archiepiscopi,</strong></span> <span class='ocrx_word' id='word_1_138' title='bbox 393 2551 454 2633; x_wconf 92' lang='lat' dir='ltr'><strong>qui</strong></span> <span class='ocrx_word' id='word_1_139' title='bbox 472 2570 580 2633; x_wconf 89' lang='lat' dir='ltr'><strong>prope</strong></span> <span class='ocrx_word' id='word_1_140' title='bbox 601 2552 727 2614; x_wconf 89' lang='lat' dir='ltr'><strong>ostium</strong></span> <span class='ocrx_word' id='word_1_141' title='bbox 747 2551 892 2614; x_wconf 88' lang='lat' dir='ltr'><strong>thalami</strong></span> <span class='ocrx_word' id='word_1_142' title='bbox 907 2552 944 2614; x_wconf 95' lang='lat' dir='ltr'><strong>in</strong></span> <span class='ocrx_word' id='word_1_143' title='bbox 961 2552 1051 2615; x_wconf 89' lang='lat' dir='ltr'><strong>lecto</strong></span> 
     </span>
     <span class='ocr_line' id='line_1_23' title="bbox 100 2649 1052 2733; baseline 0.001 -21"><span class='ocrx_word' id='word_1_144' title='bbox 100 2649 255 2733; x_wconf 85' lang='lat' dir='ltr'><strong>jacebat,</strong></span> <span class='ocrx_word' id='word_1_145' title='bbox 270 2657 306 2714; x_wconf 88' lang='lat' dir='ltr'><strong>et</strong></span> <span class='ocrx_word' id='word_1_146' title='bbox 326 2651 473 2715; x_wconf 86' lang='lat' dir='ltr'><strong>necdum</strong></span> <span class='ocrx_word' id='word_1_147' title='bbox 489 2651 661 2715; x_wconf 89' lang='lat' dir='ltr'><strong>dormiens</strong></span> <span class='ocrx_word' id='word_1_148' title='bbox 684 2651 803 2716; x_wconf 91' lang='lat' dir='ltr'><strong>oculos</strong></span> <span class='ocrx_word' id='word_1_149' title='bbox 822 2659 938 2715; x_wconf 87' lang='lat' dir='ltr'><strong>tamen</strong></span> <span class='ocrx_word' id='word_1_150' title='bbox 956 2651 1052 2714; x_wconf 91' lang='lat' dir='ltr'><strong>clau·</strong></span> 
     </span>
     <span class='ocr_line' id='line_1_24' title="bbox 104 2750 1052 2828; baseline 0.003 -17"><span class='ocrx_word' id='word_1_151' title='bbox 104 2767 162 2812; x_wconf 87' lang='lat' dir='ltr'><strong>sos</strong></span> <span class='ocrx_word' id='word_1_152' title='bbox 182 2751 336 2826; x_wconf 89' lang='lat' dir='ltr'><strong>tenebat,</strong></span> <span class='ocrx_word' id='word_1_153' title='bbox 354 2750 500 2828; x_wconf 87' lang='lat' dir='ltr'><strong>adstitit,</strong></span> <span class='ocrx_word' id='word_1_154' title='bbox 525 2757 560 2814; x_wconf 88' lang='lat' dir='ltr'><strong>et</strong></span> <span class='ocrx_word' id='word_1_155' title='bbox 579 2768 708 2815; x_wconf 85' lang='lat' dir='ltr'><strong>vocans</strong></span> <span class='ocrx_word' id='word_1_156' title='bbox 728 2769 806 2815; x_wconf 87' lang='lat' dir='ltr'><strong>enm</strong></span> <span class='ocrx_word' id='word_1_157' title='bbox 826 2751 963 2814; x_wconf 89' lang='lat' dir='ltr'><strong>nomine</strong></span> <span class='ocrx_word' id='word_1_158' title='bbox 989 2769 1052 2814; x_wconf 91' lang='lat' dir='ltr'><strong>sno</strong></span> 
     </span>
     <span class='ocr_line' id='line_1_25' title="bbox 104 2847 1053 2931; baseline 0.003 -21"><span class='ocrx_word' id='word_1_159' title='bbox 104 2847 208 2926; x_wconf 85' lang='lat' dir='ltr'><strong>dixit,</strong></span> <span class='ocrx_word' id='word_1_160' title='bbox 223 2848 378 2926; x_wconf 88' lang='lat' dir='ltr'><strong>‘Adam‚’</strong></span> <span class='ocrx_word' id='word_1_161' title='bbox 393 2849 519 2931; x_wconf 91' lang='lat' dir='ltr'><strong>inquit,</strong></span> <span class='ocrx_word' id='word_1_162' title='bbox 529 2856 539 2884; x_wconf 89' lang='lat'>‘</span> <span class='ocrx_word' id='word_1_163' title='bbox 551 2850 678 2913; x_wconf 86' lang='lat' dir='ltr'><strong>dormis</strong></span> <span class='ocrx_word' id='word_1_164' title='bbox 689 2851 716 2914; x_wconf 83' lang='lat' dir='ltr'><strong>l&#39;</strong></span> <span class='ocrx_word' id='word_1_165' title='bbox 742 2851 798 2914; x_wconf 93' lang='lat' dir='ltr'><strong>cui</strong></span> <span class='ocrx_word' id='word_1_166' title='bbox 813 2870 891 2913; x_wconf 93' lang='lat' dir='ltr'><strong>cum</strong></span> <span class='ocrx_word' id='word_1_167' title='bbox 908 2850 1053 2913; x_wconf 89' lang='lat' dir='ltr'><strong>clericus</strong></span> 
     </span>
     <span class='ocr_line' id='line_1_26' title="bbox 105 2947 1054 3030; baseline 0.001 -18"><span class='ocrx_word' id='word_1_168' title='bbox 105 2947 887 3030; x_wconf 83' lang='lat' dir='ltr'><strong>responderet‘Non,&#39;ait‘Visandirenoval’</strong></span> <span class='ocrx_word' id='word_1_169' title='bbox 910 2948 1054 3013; x_wconf 89' lang='lat' dir='ltr'><strong>‘Liben-</strong></span> 
     </span>
     <span class='ocr_line' id='line_1_27' title="bbox 107 3047 1053 3131; baseline 0.001 -20"><span class='ocrx_word' id='word_1_170' title='bbox 107 3047 381 3130; x_wconf 90' lang='lat' dir='ltr'><strong>ter,’respondit;</strong></span> <span class='ocrx_word' id='word_1_171' title='bbox 399 3056 434 3112; x_wconf 89' lang='lat' dir='ltr'><strong>et</strong></span> <span class='ocrx_word' id='word_1_172' title='bbox 444 3048 514 3125; x_wconf 88' lang='lat' dir='ltr'><strong>ille,</strong></span> <span class='ocrx_word' id='word_1_173' title='bbox 524 3047 613 3111; x_wconf 89' lang='lat' dir='ltr'><strong>‘Pro</strong></span> <span class='ocrx_word' id='word_1_174' title='bbox 627 3050 745 3125; x_wconf 68' lang='lat' dir='ltr'><strong>certo:</strong></span> <span class='ocrx_word' id='word_1_175' title='bbox 756 3050 879 3131; x_wconf 90' lang='lat' dir='ltr'><strong>inquit,</strong></span> <span class='ocrx_word' id='word_1_176' title='bbox 894 3050 1053 3113; x_wconf 87' lang='lat' dir='ltr'><strong>‘noveris</strong></span> 
     </span>
     <span class='ocr_line' id='line_1_28' title="bbox 106 3147 1055 3231; baseline 0.002 -21"><span class='ocrx_word' id='word_1_177' title='bbox 106 3147 199 3229; x_wconf 95' lang='lat' dir='ltr'><strong>quod</strong></span> <span class='ocrx_word' id='word_1_178' title='bbox 229 3154 341 3211; x_wconf 91' lang='lat' dir='ltr'><strong>totum</strong></span> <span class='ocrx_word' id='word_1_179' title='bbox 372 3148 552 3211; x_wconf 88' lang='lat' dir='ltr'><strong>dissidium</strong></span> <span class='ocrx_word' id='word_1_180' title='bbox 580 3148 671 3211; x_wconf 88' lang='lat' dir='ltr'><strong>inter</strong></span> <span class='ocrx_word' id='word_1_181' title='bbox 696 3149 991 3231; x_wconf 87' lang='lat' dir='ltr'><strong>archiepiscopum</strong></span> <span class='ocrx_word' id='word_1_182' title='bbox 1018 3157 1055 3212; x_wconf 88' lang='lat' dir='ltr'><strong>et</strong></span> 
     </span>
     <span class='ocr_line' id='line_1_29' title="bbox 104 3247 1053 3332; baseline 0.004 -23"><span class='ocrx_word' id='word_1_183' title='bbox 104 3267 224 3328; x_wconf 84' lang='lat' dir='ltr'><strong>regem</strong></span> <span class='ocrx_word' id='word_1_184' title='bbox 241 3247 455 3312; x_wconf 91' lang='lat' dir='ltr'><strong>Willelmum</strong></span> <span class='ocrx_word' id='word_1_185' title='bbox 480 3254 640 3313; x_wconf 87' lang='lat' dir='ltr'><strong>exortum</strong></span> <span class='ocrx_word' id='word_1_186' title='bbox 663 3247 738 3332; x_wconf 91' lang='lat' dir='ltr'><strong>jam</strong></span> <span class='ocrx_word' id='word_1_187' title='bbox 761 3249 899 3331; x_wconf 91' lang='lat' dir='ltr'><strong>penitus</strong></span> <span class='ocrx_word' id='word_1_188' title='bbox 922 3256 975 3311; x_wconf 89' lang='lat' dir='ltr'><strong>est</strong></span> <span class='ocrx_word' id='word_1_189' title='bbox 997 3267 1053 3313; x_wconf 90' lang='lat' dir='ltr'><strong>so·</strong></span> 
     </span>
     <span class='ocr_line' id='line_1_30' title="bbox 107 3347 1055 3429; baseline 0.002 -19"><span class='ocrx_word' id='word_1_190' title='bbox 107 3347 252 3429; x_wconf 78' lang='lat' dir='ltr'><strong>pitum3&#39;</strong></span> <span class='ocrx_word' id='word_1_191' title='bbox 286 3347 330 3411; x_wconf 90' lang='lat' dir='ltr'><strong>ad</strong></span> <span class='ocrx_word' id='word_1_192' title='bbox 362 3347 428 3410; x_wconf 91' lang='lat' dir='ltr'><strong>hoc</strong></span> <span class='ocrx_word' id='word_1_193' title='bbox 460 3348 605 3411; x_wconf 88' lang='lat' dir='ltr'><strong>clericus</strong></span> <span class='ocrx_word' id='word_1_194' title='bbox 637 3349 785 3413; x_wconf 88' lang='lat' dir='ltr'><strong>alacrior</strong></span> <span class='ocrx_word' id='word_1_195' title='bbox 810 3347 923 3411; x_wconf 88' lang='lat' dir='ltr'><strong>factus</strong></span> <span class='ocrx_word' id='word_1_196' title='bbox 949 3353 1055 3429; x_wconf 88' lang='lat' dir='ltr'><strong>caput</strong></span> 
     </span>
     <span class='ocr_line' id='line_1_31' title="bbox 107 3446 1053 3530; baseline -0.002 -19"><span class='ocrx_word' id='word_1_197' title='bbox 107 3447 232 3523; x_wconf 87' lang='lat' dir='ltr'><strong>erexit,</strong></span> <span class='ocrx_word' id='word_1_198' title='bbox 254 3446 315 3509; x_wconf 89' lang='lat' dir='ltr'><strong>sed</strong></span> <span class='ocrx_word' id='word_1_199' title='bbox 335 3447 444 3510; x_wconf 91' lang='lat' dir='ltr'><strong>oculis</strong></span> <span class='ocrx_word' id='word_1_200' title='bbox 462 3448 591 3530; x_wconf 88' lang='lat' dir='ltr'><strong>apertis</strong></span> <span class='ocrx_word' id='word_1_201' title='bbox 613 3448 783 3511; x_wconf 89' lang='lat' dir='ltr'><strong>neminem</strong></span> <span class='ocrx_word' id='word_1_202' title='bbox 799 3446 898 3511; x_wconf 90' lang='lat' dir='ltr'><strong>vidit.</strong></span> <span class='ocrx_word' id='word_1_203' title='bbox 950 3446 1053 3524; x_wconf 90' lang='lat' dir='ltr'><strong>Item,</strong></span> 
     </span>
     <span class='ocr_line' id='line_1_32' title="bbox 108 3535 1054 3629; baseline -0.002 -19"><span class='ocrx_word' id='word_1_204' title='bbox 108 3563 187 3610; x_wconf 90' lang='lat' dir='ltr'><strong>cum</strong></span> <span class='ocrx_word' id='word_1_205' title='bbox 208 3538 311 3610; x_wconf 84' lang='lat' dir='ltr'><strong>nocte</strong></span> <span class='ocrx_word' id='word_1_206' title='bbox 334 3535 493 3628; x_wconf 86' lang='lat' dir='ltr'><strong>proxime</strong></span> <span class='ocrx_word' id='word_1_207' title='bbox 512 3555 679 3629; x_wconf 91' lang='lat' dir='ltr'><strong>sequente</strong></span> <span class='ocrx_word' id='word_1_208' title='bbox 697 3535 787 3613; x_wconf 90' lang='lat' dir='ltr'><strong>unus</strong></span> <span class='ocrx_word' id='word_1_209' title='bbox 813 3565 858 3610; x_wconf 85' lang='lat' dir='ltr'><strong>ex</strong></span> <span class='ocrx_word' id='word_1_210' title='bbox 877 3545 1054 3611; x_wconf 90' lang='lat' dir='ltr'><strong>monachis</strong></span> 
     </span>
     <span class='ocr_line' id='line_1_33' title="bbox 107 3646 1056 3730; baseline 0 -20"><span class='ocrx_word' id='word_1_211' title='bbox 107 3646 264 3730; x_wconf 89' lang='lat' dir='ltr'><strong>ejusdem</strong></span> <span class='ocrx_word' id='word_1_212' title='bbox 303 3647 554 3730; x_wconf 89' lang='lat' dir='ltr'><strong>archiepiscopi</strong></span> <span class='ocrx_word' id='word_1_213' title='bbox 588 3648 632 3711; x_wconf 90' lang='lat' dir='ltr'><strong>ad</strong></span> <span class='ocrx_word' id='word_1_214' title='bbox 661 3648 849 3711; x_wconf 90' lang='lat' dir='ltr'><strong>matutinos</strong></span> <span class='ocrx_word' id='word_1_215' title='bbox 880 3654 990 3710; x_wconf 92' lang='lat' dir='ltr'><strong>staret</strong></span> <span class='ocrx_word' id='word_1_216' title='bbox 1020 3654 1056 3710; x_wconf 87' lang='lat' dir='ltr'><strong>ct</strong></span> 
     </span>
     <span class='ocr_line' id='line_1_34' title="bbox 108 3746 1054 3829; baseline -0.002 -19"><span class='ocrx_word' id='word_1_217' title='bbox 108 3752 277 3823; x_wconf 89' lang='lat' dir='ltr'><strong>cantaret,</strong></span> <span class='ocrx_word' id='word_1_218' title='bbox 303 3766 383 3811; x_wconf 88' lang='lat' dir='ltr'><strong>ecce</strong></span> <span class='ocrx_word' id='word_1_219' title='bbox 409 3747 550 3829; x_wconf 89' lang='lat' dir='ltr'><strong>quidam</strong></span> <span class='ocrx_word' id='word_1_220' title='bbox 574 3747 626 3810; x_wconf 91' lang='lat' dir='ltr'><strong>illi</strong></span> <span class='ocrx_word' id='word_1_221' title='bbox 651 3747 845 3810; x_wconf 89' lang='lat' dir='ltr'><strong>chartulam</strong></span> <span class='ocrx_word' id='word_1_222' title='bbox 870 3746 1054 3810; x_wconf 88' lang='lat' dir='ltr'><strong>admodum</strong></span> 
     </span>
     <span class='ocr_line' id='line_1_35' title="bbox 107 3845 1054 3930; baseline -0.001 -20"><span class='ocrx_word' id='word_1_223' title='bbox 107 3865 255 3930; x_wconf 89' lang='lat' dir='ltr'><strong>parvam</strong></span> <span class='ocrx_word' id='word_1_224' title='bbox 271 3845 484 3911; x_wconf 82' lang='lat' dir='ltr'><strong>exhibuitad</strong></span> <span class='ocrx_word' id='word_1_225' title='bbox 498 3848 694 3929; x_wconf 87' lang='lat' dir='ltr'><strong>legendum,</strong></span> <span class='ocrx_word' id='word_1_226' title='bbox 708 3866 812 3929; x_wconf 90' lang='lat' dir='ltr'><strong>quam</strong></span> <span class='ocrx_word' id='word_1_227' title='bbox 827 3847 966 3910; x_wconf 90' lang='lat' dir='ltr'><strong>intuens</strong></span> <span class='ocrx_word' id='word_1_228' title='bbox 981 3865 1054 3909; x_wconf 91' lang='lat' dir='ltr'><strong>mo·</strong></span> 
     </span>
     <span class='ocr_line' id='line_1_36' title="bbox 107 3944 1056 4028; baseline -0.001 -20"><span class='ocrx_word' id='word_1_229' title='bbox 107 3944 239 4009; x_wconf 91' lang='lat' dir='ltr'><strong>nachns</strong></span> <span class='ocrx_word' id='word_1_230' title='bbox 255 3945 371 4012; x_wconf 90' lang='lat' dir='ltr'><strong>‘Obiit</strong></span> <span class='ocrx_word' id='word_1_231' title='bbox 387 3967 451 4010; x_wconf 84' lang='lat' dir='ltr'><strong>rex</strong></span> <span class='ocrx_word' id='word_1_232' title='bbox 468 3946 687 4025; x_wconf 89' lang='lat' dir='ltr'><strong>Willclmus,&#39;</strong></span> <span class='ocrx_word' id='word_1_233' title='bbox 702 3947 738 4010; x_wconf 95' lang='lat' dir='ltr'><strong>in</strong></span> <span class='ocrx_word' id='word_1_234' title='bbox 763 3966 806 4010; x_wconf 87' lang='lat' dir='ltr'><strong>ea</strong></span> <span class='ocrx_word' id='word_1_235' title='bbox 820 3947 985 4028; x_wconf 89' lang='lat' dir='ltr'><strong>scriptum</strong></span> <span class='ocrx_word' id='word_1_236' title='bbox 1003 3946 1056 4008; x_wconf 86' lang='lat' dir='ltr'><strong>in-</strong></span> 
     </span>
     <span class='ocr_line' id='line_1_37' title="bbox 108 4045 1057 4135; baseline 0 -26"><span class='ocrx_word' id='word_1_237' title='bbox 108 4045 220 4125; x_wconf 83' lang='lat' dir='ltr'><strong>venit3</strong></span> <span class='ocrx_word' id='word_1_238' title='bbox 238 4047 299 4135; x_wconf 91' lang='lat' dir='ltr'><strong>qui</strong></span> <span class='ocrx_word' id='word_1_239' title='bbox 311 4047 492 4111; x_wconf 85' lang='lat' dir='ltr'><strong>confestim</strong></span> <span class='ocrx_word' id='word_1_240' title='bbox 501 4048 619 4111; x_wconf 87' lang='lat' dir='ltr'><strong>oculos</strong></span> <span class='ocrx_word' id='word_1_241' title='bbox 635 4048 792 4130; x_wconf 88' lang='lat' dir='ltr'><strong>aperiens</strong></span> <span class='ocrx_word' id='word_1_242' title='bbox 804 4053 930 4128; x_wconf 87' lang='lat' dir='ltr'><strong>praeter</strong></span> <span class='ocrx_word' id='word_1_243' title='bbox 944 4045 1057 4109; x_wconf 92' lang='lat' dir='ltr'><strong>socios</strong></span> 
     </span>
     <span class='ocr_line' id='line_1_38' title="bbox 107 4137 1057 4239; baseline 0.003 -32"><span class='ocrx_word' id='word_1_244' title='bbox 107 4143 240 4209; x_wconf 89' lang='lat' dir='ltr'><strong>nullum</strong></span> <span class='ocrx_word' id='word_1_245' title='bbox 267 4146 363 4210; x_wconf 90' lang='lat' dir='ltr'><strong>vidit.</strong></span> <span class='ocrx_word' id='word_1_246' title='bbox 417 4146 494 4212; x_wconf 89' lang='lat' dir='ltr'><strong>Nec</strong></span> <span class='ocrx_word' id='word_1_247' title='bbox 518 4148 629 4213; x_wconf 92' lang='lat' dir='ltr'><strong>multo</strong></span> <span class='ocrx_word' id='word_1_248' title='bbox 652 4155 732 4232; x_wconf 91' lang='lat' dir='ltr'><strong>post</strong></span> <span class='ocrx_word' id='word_1_249' title='bbox 759 4137 877 4230; x_wconf 86' lang='lat' dir='ltr'><strong>elapso</strong></span> <span class='ocrx_word' id='word_1_250' title='bbox 899 4143 1057 4239; x_wconf 68' lang='lat' dir='ltr'><strong>termino,</strong></span> 
     </span>
    </p>
   </div>
   <div class='ocr_carea' id='block_1_3' title="bbox 0 0 1430 4882">
    <p class='ocr_par' dir='ltr' id='par_1_3' title="bbox 0 0 1430 4882">
     <span class='ocr_line' id='line_1_39' title="bbox 0 0 1430 4882; baseline 0 0"><span class='ocrx_word' id='word_1_251' title='bbox 0 0 1430 4882; x_wconf 95' lang='lat' dir='ltr'><strong> </strong></span> 
     </span>
    </p>
   </div>
  </div>
 </body>
</html>
