2820 4882
315 391 359 458 18
572 405 707 453 nocant
732 404 779 452 nn
800 402 1010 452 wunnovnn

151 581 275 624 sonos
317 565 388 630 tius
405 564 625 646 respondere.
679 561 805 643 Igitur,
828 565 972 640 accepta
988 557 1131 621 licentia
1152 556 1271 621 confe-

317 664 426 741 rendi,
444 684 521 728 cum
543 663 718 746 paulisper
732 680 808 724 sese
828 659 1095 734 subtraxissent,
1110 676 1201 720 unus
1225 676 1271 720 ex

316 764 398 841 illis,
414 764 515 847 cujus
537 763 716 826 arbitrium
733 779 852 824 omnes
868 759 1131 840 exspectabant,
1148 757 1272 839 praeci-

315 866 469 947 pitanter
496 863 610 945 patria
635 862 754 942 lingua
779 860 880 935 dixit,
900 853 930 893 ¹‘
947 857 1073 921 Schort
1099 856 1172 933 red,
1200 856 1270 937 god

316 964 389 1040 red,
406 965 479 1027 slea
498 983 541 1044 ye
560 961 619 1024 the
639 961 782 1041 bischop
796 957 815 1038 ;’
838 959 897 1040 qui
917 957 1124 1021 unanimiter
1141 955 1271 1032 cuncti,

315 1065 421 1128 verbo
443 1063 591 1145 prolato,
614 1061 658 1123 ad
686 1078 783 1123 arma
808 1058 1043 1132 convolantes,
1067 1056 1268 1138 episcopum

315 1163 499 1226 crudeliter
521 1166 752 1243 peremerunt,
777 1164 813 1222 et
836 1163 975 1221 centum
1005 1148 1161 1219 homines
1188 1174 1268 1218 cum

317 1281 370 1338 eo,
392 1262 499 1345 juxta
523 1261 652 1324 flumen
675 1259 786 1344 Tyne,
814 1258 874 1320 ubi
898 1257 1029 1338 placita
1054 1254 1191 1319 letifera
1224 1255 1268 1317 ab

316 1361 478 1444 episcopo
495 1361 713 1424 tenebantur.

419 1536 464 1599 Io
477 1535 532 1600 doc
548 1557 629 1599 auco
645 1532 775 1600 reuoluti
791 1541 860 1598 suat
874 1533 934 1598 duo
950 1533 1028 1596 acui
1042 1531 1157 1618 moyoi.

152 1676 208 1716 nn.
219 1676 274 1717 ror.
367 1656 469 1724 Anno
486 1661 628 1723 Domini
650 1675 821 1735 Mnxxvr„
838 1658 898 1740 qui
916 1664 970 1721 est
983 1675 1095 1721 annus
1112 1657 1266 1719 decimus

153 1727 296 1828 illaillll‘
315 1759 438 1822 tertius
469 1761 570 1841 primi
598 1758 884 1822 decennovenalis
916 1759 1017 1839 cycli,
1049 1757 1086 1819 in
1118 1758 1267 1838 repetito

315 1877 406 1922 anno
438 1879 566 1941 magno
598 1859 772 1940 Dionysii,
795 1859 929 1922 duobus
957 1858 1092 1939 magnis
1119 1857 1219 1919 annis
1245 1873 1267 1919 a

313 1959 475 2040 passione
491 1959 633 2023 Domini
650 1959 833 2035 revolutis·
846 1959 882 2021 in
899 1977 969 2039 quo
981 1958 1108 2032 omnia,
1124 1976 1204 2038 quae
1221 1955 1266 2019 ad

314 2078 452 2122 cursum
478 2060 562 2124 solis
588 2068 624 2124 et
644 2061 737 2124 lunae
765 2064 936 2140 spectant,
959 2077 1052 2120 anno
1070 2055 1265 2120 Dominicae

312 2158 560 2224 incarnationis
582 2161 815 2248 concordant3
844 2157 934 2221 unde
959 2157 1180 2220 manifestum
1200 2162 1266 2233 est,

313 2258 407 2339 quod
431 2259 623 2343 Dionysius
649 2280 718 2323 non
741 2265 834 2322 recte
859 2276 969 2321 annos
996 2257 1139 2321 Domini
1167 2257 1266 2338 cyclo

314 2375 377 2419 sno
393 2359 574 2421 annexuit.
626 2359 719 2436 Quia
736 2359 827 2421 enim
842 2359 886 2420 ab
903 2364 993 2421 ann'o
1007 2356 1149 2420 Domini
1163 2357 1266 2438 quin·

313 2457 504 2536 gentesimo
527 2457 704 2538 trigesimo
726 2458 876 2521 secundo
896 2457 1031 2540 cyclum
1051 2476 1152 2519 suum
1172 2456 1266 2519 ordi·

312 2556 421 2632 navit,
444 2557 591 2621 intendit
618 2558 777 2621 nimirum
802 2557 978 2621 Christum
1007 2557 1113 2619 fuisse
1143 2563 1266 2620 natum

312 2673 404 2719 anno
418 2657 569 2721 secundo
584 2659 708 2740 prioris
722 2658 840 2738 magni
861 2658 962 2735 anni;
988 2663 1023 2720 et
1037 2676 1099 2751 per
1113 2655 1190 2732 hoc,
1208 2656 1267 2720 hic

312 2773 436 2832 annus,
457 2777 547 2821 anno
565 2758 759 2821 Dominicae
773 2757 946 2839 passionis
960 2756 1185 2831 concordans
1203 2756 1265 2819 de·

311 2855 388 2919 buit
401 2876 476 2920 esse
490 2858 609 2938 magni
626 2859 715 2941 cycli
732 2876 856 2933 annus,
870 2877 940 2920 non
957 2856 1109 2919 decimus
1127 2855 1265 2934 tertiuS,

311 2954 373 3017 sed
398 2957 594 3037 trigesimus
622 2958 756 3032 tertius
784 2958 865 3039 quia
890 2957 921 3019 is
946 2956 1012 3019 fuit
1041 2973 1153 3019 annus
1184 2975 1265 3037 pas·

310 3053 417 3117 sionis
433 3055 591 3136 Domini;
615 3065 651 3121 et
664 3077 726 3139 per
740 3056 829 3119 hauc
843 3057 1135 3138 consequentiam,
1151 3056 1265 3137 [cum]

278 3167 279 3170 ’
311 3153 435 3218 solaris
449 3175 570 3220 cursus
588 3163 623 3220 et
641 3158 772 3221 lunaris
788 3155 1029 3238 [concordent]
1052 3156 1266 3236 evangelicae

310 3254 461 3332 veritati,
478 3255 669 3340 Dionysius
688 3257 807 3340 posuit
826 3256 1044 3319 nativitatem
1061 3254 1192 3320 Christi
1208 3257 1262 3320 vi·

310 3353 398 3432 ginti
413 3362 449 3418 et
464 3375 535 3421 uno
551 3377 643 3421 anno
660 3358 793 3420 tardius
807 3375 912 3438 quam
925 3356 1082 3419 debebat.

328 3566 330 3572 ·
393 3527 519 3593 Paulus
533 3529 661 3593 ccclesia
672 3530 774 3594 sancti
788 3527 910 3593 Albani
925 3526 1018 3592 abbas
1030 3528 1169 3610 ffcitur.

146 3646 298 3765 igg'ijggg,
359 3649 463 3716 Anno
480 3652 622 3716 Domini
640 3670 815 3716 uuxxvn.
828 3645 979 3717 ²Paulus
993 3653 1183 3719 monachus
1196 3654 1264 3720 Ca-

146 3771 269 3815 snam.
308 3749 493 3830 domensis,
510 3762 634 3836 quarto
660 3752 827 3817 kalendas
844 3752 868 3816 J
870 3753 944 3829 ulii,
966 3753 1147 3816 ecclesiam
1167 3755 1262 3820 beati

308 3846 501 3931 Anglorum
522 3853 788 3936 protomartyris
810 3854 996 3935 regendam
1012 3854 1177 3935 suscepit,
1200 3855 1263 3937 qui

342 4072 451 4126 ¹Sclrort
467 4080 531 4142 red]
548 4080 627 4128 ‘Sort
644 4080 698 4143 red,
719 4081 769 4142 god
827 4077 945 4131 ²Paulus
961 4081 1118 4146 monachus.]
1139 4083 1187 4132 See
1216 4084 1257 4134 his

304 4146 361 4210 red,
370 4147 425 4198 alea
434 4163 488 4199 wse
499 4151 541 4200 the
553 4146 655 4212 bissop:
669 4152 699 4201 G.
792 4151 883 4282 lpileppy
892 4151 1018 4253 Mattlrew
1028 4153 1113 4215 Paris,
1126 4153 1167 4203 ed.
1175 4155 1260 4217 Wats,
