2820 4882
433 420 574 468 rhenus
597 421 865 473 ursronrinou.
1076 416 1119 481 21

268 645 447 730 Imperator
459 646 615 710 Hemicuo
628 646 737 710 multoe
751 646 880 710 hostiam
895 647 1019 711 stravit.

216 768 322 834 Anno
337 771 480 834 Domini
495 788 646 835 unxxx.
664 770 922 835 Hildehrandus
937 791 1041 855 papa,
1059 773 1118 854 qui
1131 783 1271 876 ἕψω]

166 876 201 932 et
217 867 421 950 Gregorius
433 873 534 952 quasi
548 873 613 934 sibi
627 871 792 935 divinitus
809 872 1012 948 revelatum,
1027 892 1117 953 prae·
1130 847 1268 926 Hilleffi

166 969 269 1045 dixit,
285 969 411 1031 falsum
427 990 543 1051 regem
557 970 621 1034 hoc
635 989 726 1034 anno
741 991 817 1035 esse
828 973 1055 1050 moriturum3
1081 979 1117 1036 et

165 1087 286 1131 verum
301 1069 440 1149 quidem
463 1071 637 1151 praedixit,
653 1071 713 1133 sed
731 1070 853 1134 fefellit
874 1090 951 1133 eum
969 1071 1011 1134 de
1029 1070 1117 1135 falso

165 1187 246 1247 rege
273 1169 486 1251 conjectura,
509 1170 694 1233 secundum
712 1171 801 1234 velle
824 1190 924 1233 suum
947 1171 1116 1252 interpre-

165 1274 241 1330 tata
257 1286 363 1348 super
375 1269 582 1349 imperatore
594 1269 761 1333 Henrico.
814 1269 1010 1351 Imperator
1025 1269 1116 1332 enim

166 1366 343 1429 Henricus
366 1375 486 1431 contra
503 1368 658 1432 Saxones
675 1371 774 1449 gravi
796 1370 916 1450 praelio
939 1369 1118 1449 congredi·

164 1473 233 1541 tur,
257 1466 317 1528 ubi
346 1487 461 1547 regem
493 1467 628 1545 falsum,
650 1469 781 1532 scilicet
809 1467 1010 1546 Redulsum,
1038 1488 1116 1532 cum

164 1565 284 1628 multis
301 1565 465 1630 Saxoniae
482 1568 693 1649 principibus
710 1568 894 1632 interfecit.

215 1662 320 1728 Anno
345 1667 486 1730 Domini
510 1684 678 1730 uuxxxi.
695 1667 906 1743 willelmus,
925 1667 1252 1732 Rothomoa-mm-

165 1766 282 1846 gensis
299 1765 589 1847 archiepiscopus,
605 1768 715 1831 tenuit
730 1760 923 1830 ¹concilium
936 1768 1027 1849 apud
1040 1767 1118 1831 Lis·
1186 1808 1189 1815 ·

163 1866 339 1942 sebonam,
363 1872 533 1946 praesente
559 1886 641 1948 rege
657 1866 833 1955 Willelmo
855 1886 933 1930 eum
955 1868 1118 1948 principi·

163 1965 226 2027 bus
245 1973 280 2027 et
299 1965 471 2049 episcopis
493 1965 622 2029 multis.
675 1965 804 2029 Eodem
823 1985 912 2029 anno
928 1965 1042 2029 factus
1062 1973 1115 2029 est

163 2070 264 2126 terrae
289 2073 405 2128 motus
431 2084 578 2145 magnus
604 2084 681 2127 cum
708 2066 809 2145 gravi
832 2065 981 2146 mugitu,
1003 2065 1115 2147 prime

166 2165 275 2227 noctis
291 2164 389 2241 hora,
404 2171 506 2228 sexto
522 2162 689 2229 kalendas
706 2162 850 2246 Aprilis.

281 2342 456 2405 Marianus
474 2341 582 2405 Scotus
606 2341 731 2405 cronica
752 2362 810 2405 otoo
831 2340 890 2405 huc
911 2361 1003 2426 utque

593 2441 728 2526 dipesele

211 2565 317 2631 Anno
346 2567 486 2630 Domini
515 2583 698 2630 nnxxxu.
726 2565 907 2630 Marianus
929 2566 1066 2642 Scotus,
1091 2576 1249 2667 afflug-

163 2669 346 2731 nativitate
369 2666 500 2730 Christi
530 2667 670 2730 cronica
699 2685 764 2729 sua
795 2666 974 2747 incipiens,
1003 2684 1112 2748 usque
1126 2676 1207 2716 δυοῖν·

164 2768 204 2829 ad
233 2767 326 2829 hunc
357 2786 485 2829 annum
515 2766 690 2848 perduxit,
716 2766 862 2830 multum
887 2764 1048 2828 laborans
1073 2772 1113 2829 ut

163 2886 311 2930 errorem
327 2867 370 2929 de
388 2867 487 2928 annis
502 2867 645 2930 Domini
666 2865 866 2946 corrigeret,
882 2866 942 2946 qni
962 2865 998 2927 in
1014 2864 1112 2946 cyclo

164 2965 325 3049 Dionysii
347 2966 534 3041 invenitur,
552 2967 644 3029 sicut
663 2967 741 3030 visu
766 2965 896 3027 clarum
917 2971 971 3027 est
989 2984 997 3042 ;
1032 2963 1111 3026 hinc

162 3066 284 3147 positis
314 3066 413 3128 annis
440 3065 582 3128 Domini
610 3066 654 3127 ab
682 3084 724 3128 eo
755 3064 944 3127 secundum
975 3063 1110 3147 cyclum

163 3165 334 3248 Dionysii,
350 3165 555 3230 altrinsecus
564 3165 670 3247 juxta
687 3165 868 3229 veritatem
885 3163 1067 3244 evangelii.

392 3339 544 3404 Motildo's
558 3336 666 3424 repieta
681 3339 872 3424 dosuayitur.

197 3459 303 3525 Anno
317 3460 460 3525 Domini
476 3461 842 3525 Mnxxxn1.Matildis
856 3461 987 3542 regina,
1002 3459 1111 3523 Bald·
1124 3471 1247 3562 fflgp·

161 3561 242 3624 wini
272 3562 408 3625 comitis
430 3561 654 3625 Flandrensis
679 3562 751 3624 filia
777 3568 812 3624 et
838 3578 928 3623 uxor
944 3559 1111 3624 Willelmi
1126 3572 1222 3613 wilda

162 3661 254 3741 regis
268 3658 475 3742 Anglorum,
493 3661 582 3724 diem
599 3660 725 3726 clausit
742 3679 951 3741 supremum,
966 3666 1001 3723 et
1017 3659 1110 3742 apud

163 3759 355 3824 Gadomum
377 3762 413 3823 in
431 3762 640 3825 monasterio
664 3759 990 3834 sanctimonialium,
1016 3758 1109 3841 quod

160 3859 237 3942 ipsa
253 3866 511 3938 construxerat,
526 3859 714 3924 honorifice
730 3859 880 3923 traditur
901 3858 1108 3939 sepulturae3

197 4083 203 4114 ¹
219 4085 356 4135 Concilium
372 4087 435 4148 opud
445 4079 622 4152 Lis-reboatum]
649 4084 777 4134 Lillebone
790 4098 846 4132 was
863 4083 922 4132 held
938 4100 971 4134 on
987 4085 1029 4133 the
1046 4084 1112 4133 feast

161 4156 222 4205 This
237 4155 329 4204 should
345 4156 377 4204 be
394 4150 585 4216 ‘Lillebonem’
597 4169 625 4202 or
649 4154 678 4203 os
686 4155 920 4216 Pentecost,1080;
932 4169 974 4205 see
984 4154 1112 4214 Herduin,

161 4225 341 4276 ‘lislebonam'
392 4225 446 4273 The
473 4224 573 4274 council
599 4223 630 4274 ol
651 4225 684 4274 vi.
695 4224 743 4274 col.
756 4226 830 4275 luet.
