2820 4882
440 417 579 464 uacans
602 418 872 468 ursrorutauu.
1062 409 1127 472 309

275 647 363 712 Idam
377 669 432 712 rac
445 649 492 712 ad
496 650 696 732 justitiarios
711 671 780 714 auor
796 661 904 715 contra
922 651 1042 717 larun

430 749 575 812 Thamara
590 749 861 834 archiepiscopum.

227 863 303 931 ‘Si¹
327 870 405 950 quis
425 870 588 934 inventus
607 871 710 936 fuerit
727 872 840 935 ferens
857 873 976 936 literas
992 874 1122 938 domini
1134 897 1188 936 au.
1201 901 1256 939 ua.

175 987 274 1049 papae
293 968 350 1031 vel
374 969 588 1047 mandatum,
608 977 670 1033 aut
692 970 836 1035 Thomae
858 948 1244 1056 archiepiscopilltllt'art.

174 1067 352 1130 continens
375 1068 596 1131 interdictum
623 1068 897 1134 Christianitatis
918 1071 954 1133 in
976 1071 1117 1152 Anglia,

173 1166 336 1247 capiatur:
366 1173 402 1229 et
435 1167 625 1230 retineatur
655 1168 763 1231 donec
796 1169 875 1232 inde
903 1169 1117 1234 voluntatem

172 1283 282 1327 meam
309 1265 520 1346 praecipiam.
568 1265 671 1342 Item,
685 1266 801 1329 nullus
819 1268 977 1343 clericus,
997 1289 1117 1333 mona-

173 1363 270 1439 chus,
294 1364 480 1427 canonicus
508 1364 564 1427 vel
588 1383 788 1442 conversus,
810 1365 866 1429 vel
889 1367 1037 1449 alicujus
1062 1389 1116 1432 re·

173 1446 323 1542 ligionis,
343 1463 566 1526 transfretare
590 1464 822 1545 permittatur,
844 1464 1055 1530 usitabat
1076 1468 1115 1530 u-

172 1568 264 1625 teras
292 1561 336 1623 de
365 1560 476 1624 reditu
502 1581 566 1624 suo
591 1562 777 1644 justiciarii
804 1564 859 1627 vel
886 1570 1047 1644 nostras,
1085 1567 1115 1629 si

171 1660 248 1740 quis
266 1659 367 1723 aliter
380 1659 542 1723 inventus
558 1660 673 1736 suerit,
690 1662 847 1742 capiatur
861 1670 902 1726 et'
913 1663 1113 1728 retineatur.

172 1759 301 1821 Nullus
319 1758 470 1840 appellet
483 1759 528 1822 ad
544 1777 670 1840 papam
686 1760 855 1842 nequead
871 1760 1041 1824 Thomam
1058 1770 1113 1825 a‘r·

169 1857 436 1939 chiepiscopum‚
457 1877 569 1940 neque
588 1859 727 1941 aliquod
745 1859 910 1941 placitum
929 1879 974 1922 ex
995 1871 1113 1924 eorum

171 1957 336 2020 mandato
353 1963 523 2033 teneatur,
541 1977 653 2039 neque
676 1957 817 2040 aliquod
834 1958 1032 2025 mandatum
1054 1980 1113 2023 eo·

171 2075 244 2117 rum
262 2056 301 2129 in
312 2054 441 2136 Anglia
454 2055 661 2136 recipiatur3
687 2063 723 2120 ct
739 2057 769 2118 si
784 2057 861 2138 quis
881 2058 1042 2133 tenuerit,
1058 2059 1113 2122 vel

170 2155 348 2236 receperit,
364 2155 421 2219 vel
438 2155 653 2230 tractaverit,
675 2156 833 2237 capiatur
856 2161 892 2218 ct
911 2155 1110 2221 retineatur.

170 2252 207 2315 Si
230 2254 399 2336 episcopi,
420 2253 575 2329 abbates,
595 2253 709 2316 clerici
730 2253 787 2316 vel
806 2253 885 2317 laici
905 2256 1110 2318 'sententiam

168 2352 341 2415 interdicti
362 2351 545 2427 tenuerint,
570 2351 646 2415 sine
659 2351 832 2416 dilatione
860 2371 881 2416 a
904 2359 996 2416 terra
1017 2353 1112 2437 ejici÷

169 2457 291 2526 antur,
304 2457 339 2513 et
362 2455 439 2514 tota
459 2469 577 2512 eorum
594 2451 768 2530 cognatio,
785 2451 836 2514 ita
856 2452 948 2533 quod
968 2451 1053 2515 nihil
1070 2452 1113 2517 de

168 2548 305 2611 catallis
330 2549 402 2612 suis
423 2567 540 2611 secum
563 2549 688 2624 ferant,
709 2550 771 2612 sed
793 2549 921 2613 catalla
941 2569 1057 2613 eorum
1076 2558 1113 2614 et

168 2647 402 2728 possessiones
420 2647 458 2709 in
480 2656 583 2710 manu
610 2655 729 2711 nostra
744 2648 942 2712 saisiantnr;
983 2648 1112 2712 Omnes

168 2746 295 2823 clerici,
313 2747 384 2829 qui·
396 2744 549 2808 redditus
565 2746 696 2809 habent
717 2746 753 2808 in
762 2745 904 2828 Anglia‚
915 2752 997 2809 sunt
1017 2765 1111 2810 sum·

166 2846 289 2909 moniti
310 2865 373 2927 per
394 2863 512 2908 omnes
534 2844 731 2921 comitatus,
753 2851 793 2908 ut
812 2845 902 2908 infra
924 2852 994 2908 tres
1017 2864 1112 2909 men-

168 2963 223 3007 ses
246 2945 316 3007 sint
341 2944 378 3005 in
393 2942 534 3025 ‘Anglia
559 2943 603 3006 ad
631 2943 786 3007 redditus
814 2962 908 3018 suos,
934 2944 1025 3006 sicut
1052 2963 1112 3008 eos

169 3043 319 3123 diligunt
334 3048 378 3106 ct
402 3042 525 3106 amodo
547 3041 583 3104 in
602 3040 766 3122 Angliam
788 3041 920 3119 redire3
949 3047 995 3116 et,
1013 3042 1053 3103 si¹
1066 3043 1111 3105 ad

168 3142 349 3204 terminum
367 3140 550 3223 praefixum
566 3159 635 3203 non
649 3139 817 3215 venerint,
827 3136 981 3202 redditus
994 3157 1112 3204 eorum

167 3240 203 3303 in
231 3249 350 3305 nostra
377 3241 574 3303 saisiantur.
619 3238 783 3321 Episcopi
807 3237 1056 3302 londoniensis
1076 3244 1112 3300 et

170 3339 405 3402 Norwicensis
429 3343 734 3412 summoueantur,
764 3336 856 3419 qnod
888 3337 959 3398 sint
995 3354 1110 3400 coram

163 3437 367 3519 justiciariis
394 3436 522 3499 nostris
555 3436 599 3498 ad
632 3443 763 3500 rectum
787 3434 994 3510 faciendum,
1019 3435 1111 3515 quod

168 3542 290 3599 contra
305 3540 440 3598 statuta
456 3535 555 3614 regni
571 3533 823 3597 interdixerunt
841 3539 967 3595 terram
986 3532 1112 3614 Hugo·

169 3634 222 3697 nis
244 3633 380 3697 comitis
398 3640 438 3696 et.
456 3631 492 3694 in
510 3632 623 3713 ipsum
650 3631 856 3695 sententiam
882 3630 1112 3694 anathematis

168 3733 388 3796 intulerunt..
428 3729 572 3793 Denarii
596 3730 689 3793 beati
719 3729 815 3793 Petri
842 3729 1051 3811 colligantur
1077 3736 1113 3792 et

167 3839 361 3907 serventur,
379 3847 560 3912 quousque
579 3828 659 3891 inde
678 3829 776 3892 vobis
794 3827 952 3891 dominus
968 3847 1030 3890 rex
1050 3847 1112 3891 vo·

167 3930 337 3994 luntatem
355 3947 454 3992 suam
470 3925 696 4008 praeceperit!
738 3926 928 3989 Ecclesiam
944 3932 1114 4008 praeterea

396 4149 403 4180 ¹
417 4149 447 4198 δι’
458 4142 534 4216 qaia]
552 4149 625 4197 From
644 4149 777 4211 Heroden,
794 4164 820 4210 p.
832 4152 889 4197 496.
