2820 4882
419 413 558 460 annuns
582 413 850 462 ursroumuuu.
1044 396 1110 463 417

156 574 230 632 tate
252 579 466 654 praesumpta
488 572 689 649 recurritur,
707 571 766 635 ubi
792 570 921 653 populo
938 569 1107 635 Christis·
1121 586 1244 628 alt-1¹⁸³·

156 687 201 732 no
229 668 409 734 imminere
432 672 634 754 periculum,
659 672 728 736 imo
756 671 1011 748 exterminium,
1040 672 1108 736 sor·

155 767 320 846 midatur,
353 777 394 833 ut
427 792 490 854 per
521 772 698 835 brachium
728 771 834 852 regiae
859 771 1108 852 magnitudinis

156 865 244 950 Ejus
265 871 427 933 membris
449 870 670 953 impendatur
687 870 896 952 praesidium,
923 871 1038 951 quite
1062 872 1108 935 ad

157 972 266 1030 tantae
283 967 405 1050 gloriae
422 971 556 1053 apicem
581 971 762 1052 pervenire
786 988 850 1033 sua
874 970 1005 1051 pietate
1027 990 1107 1034 con·

156 1066 272 1144 cessit,
290 1075 326 1131 et
341 1075 376 1132 te
392 1077 514 1134 contra
527 1070 581 1132 sui
599 1070 745 1133 nominis
765 1067 1025 1151 impugnatores
1046 1089 1106 1132 ne-

156 1165 264 1230 farios
276 1159 415 1232 'murum
431 1169 737 1252 inexpugnabilem
754 1168 938 1232 ordinavit.
994 1167 1105 1233 Porro

158 1267 293 1330 noverit
317 1275 433 1333 vestra
462 1268 641 1346 serenitas,
674 1267 766 1351 quod
797 1267 1003 1331 Salaadinus
1034 1267 1104 1344 ille,

157 1366 270 1428 sancti
282 1368 429 1432 nominis
440 1367 608 1434 Crucifixi
616 1367 885 1432 immanissimus
895 1374 1105 1449 persecutor,

157 1463 209 1527 ita
230 1485 321 1550 nunc
342 1466 380 1529 in
396 1469 521 1551 spiritu
545 1467 670 1531 suroris
694 1473 816 1531 contra
836 1465 967 1530 Christi
987 1466 1106 1531 fideles

157 1573 260 1628 terrae
282 1573 413 1630 sanctae
433 1568 520 1632 adeo
539 1567 698 1644 invaluit,
720 1566 825 1649 quod,
852 1567 919 1630 nisi
945 1567 1104 1631 immani⁴

159 1664 243 1727 tatis
259 1663 335 1748 ejus
352 1665 502 1750 impetus
519 1667 664 1751 objectis
686 1667 840 1731 obicibus
863 1665 1106 1748 reprimantur,

158 1762 263 1827 habet
278 1763 451 1846 fiduciam,
469 1766 563 1850 quod
579 1765 704 1830 influat
720 1766 743 1830 J
747 1764 886 1830 ordenis
901 1767 936 1829 in
952 1786 992 1830 os
1010 1763 1107 1849 ejus,’

159 1870 195 1927 et
207 1871 346 1930 caetera.

159 2037 249 2119 Quod
262 2060 317 2104 rec
330 2038 485 2104 Heuricue
503 2060 628 2125 reponare
642 2039 931 2123 Hierosolynmrum
946 2037 1110 2103 recumbit

211 2161 280 2227 His
302 2163 444 2242 auditis,
468 2184 531 2228 rex
557 2163 766 2246 Anglorum,
797 2170 989 2230 convocato
1018 2163 1110 2228 clero
1122 2181 1205 2270 gerp·
1213 2227 1250 2267 uo

49 2248 51 2252 ¹
160 2264 258 2344 regni
288 2281 331 2327 ac
359 2263 502 2346 populo,
533 2272 767 2330 convenerunt
799 2264 987 2328 Londoniis
1017 2262 1110 2345 apud
1124 2277 1259 2328 nnrdomor

1121 2328 1247 2370 herusalem

162 2361 325 2426 Fontem·
327 2356 548 2427 clericorum¹
586 2363 718 2429 decimo
767 2364 887 2478 quinto
941 2362 1109 2426 kalendas

161 2459 293 2544 Aprilis
315 2481 394 2526 cum
415 2463 578 2528 universa
594 2464 774 2529 nobilitate
792 2464 902 2545 regni,
922 2461 982 2526 ubi
998 2462 1111 2526 dictus

161 2580 236 2638 rex,
263 2560 482 2626 audientibus
512 2564 711 2646 patriarcha
736 2571 773 2627 et
796 2563 963 2645 magistro
989 2562 1111 2626 domus

162 2660 356 2743 hospitalis,
382 2681 501 2726 omnes
525 2661 645 2727 fideles
669 2683 752 2728 suos
779 2664 897 2728 multis
921 2662 1111 2746 adjuratio-

162 2760 262 2823 nibus
282 2760 459 2839 astrinxit,
480 2769 652 2844 quuteuns
676 2762 869 2847 proferrent
891 2764 927 2826 in
950 2762 1111 2836 medium,

163 2859 246 2942 quid
268 2879 373 2943 super
394 2861 449 2924 his
471 2861 577 2925 saluti
599 2862 725 2926 animae
747 2881 820 2926 suae
835 2861 984 2925 viderint
1006 2881 1112 2944 expe·

163 2959 256 3039 dire;
281 2960 326 3023 ad
343 2961 408 3024 hoc
428 2960 518 3024 enim
534 2962 658 3026 asserit
677 2962 828 3025 animum
849 2980 949 3024 suum
968 2961 1112 3024 inclina-

164 3066 251 3137 tum,
268 3066 319 3137 ut,
336 3060 428 3142 quod
446 3080 491 3124 ex
508 3081 625 3126 eorum
642 3061 786 3126 consilio
802 3060 985 3141 acciperet,
1002 3060 1112 3124 modis

164 3160 321 3223 omuibus
339 3161 549 3226 observaret.
602 3160 702 3225 Tunc
716 3159 899 3224 concilium
915 3159 1113 3223 uuiversum

162 3277 267 3343 super
283 3259 470 3342 praemissis
488 3261 736 3343 colloquentes,
751 3251 995 3323 sanius'visum
1009 3266 1063 3322 est
1079 3265 1115 3322 et

166 3359 290 3423 animae
315 3360 408 3441 regis
433 3360 543 3424 multo
568 3355 755 3438 salubriuS,
774 3365 814 3422 ut
838 3378 983 3439 regnum
1014 3377 1115 3421 suum
1150 3365 1152 3368 ’

166 3457 282 3523 debita
311 3459 546 3523 moderatione
577 3462 746 3541 gubernet
772 3465 807 3521 et
839 3457 924 3521 illud
948 3477 970 3522 a
990 3459 1117 3521 barba-

166 3577 280 3621 rorum
296 3558 487 3641 irruptione
501 3567 652 3636 tueatur,
670 3578 775 3641 quam
799 3557 1019 3622 orientalium
1036 3575 1116 3620 con·

164 3657 259 3721 sulat
279 3658 315 3720 in
342 3659 483 3741 propria
504 3678 653 3741 persona
679 3657 813 3736 saluti3
844 3656 887 3720 dc
913 3657 993 3720 filiis
1024 3655 1117 3737 regis

167 3756 317 3838 quidem,
352 3777 498 3841 quorum
529 3758 631 3841 petiit
664 3758 815 3840 aliquem
850 3754 1050 3840 patriarcha
1088 3754 1118 3816 si

167 3875 233 3918 rex⁸
260 3857 377 3921 venire
407 3865 595 3935 recusaret,
628 3858 813 3941 quicquam
848 3862 1013 3930 statuere,
1041 3873 1119 3917 cum

169 3963 285 4019 essent
300 3958 473 4035 absentes,
496 3958 725 4040 incongruum
743 3955 936 4020 videbatur.
989 3953 1120 4017 Eodem

203 4136 491 4213 lFontem-clericcrum,]
505 4139 633 4191 orclerlr-
660 4134 738 4188 Mille’
759 4138 867 4198 llistory
880 4136 909 4187 oi
921 4137 965 4188 the
985 4137 1124 4202 Oroandes,

169 4200 278 4270 enwell;
298 4209 402 4272 Diceto,
422 4209 471 4260 col.
494 4213 552 4259 626.
586 4210 634 4260 See
660 4209 728 4260 vol.'
721 4210 749 4259 ri.
762 4224 788 4270 p.
799 4211 899 4271 Μυῖα

223 4300 303 4348 von
322 4300 362 4348 ιι.
913 4283 974 4347 ar
