2820 4882
411 420 550 470 rnonns
577 419 847 469 n1sron1nnun.
1040 404 1105 469 105

158 579 389 643 disseminatio
407 580 493 644 adeo
510 581 684 664 principes
701 587 836 646 nostros
849 579 1047 662 perterruit,
1064 587 1104 644 ut
1117 596 1172 636 nn.
1183 598 1240 636 1⁰⁰⁸·

157 680 363 762 StephanuS,
388 679 653 745 Carnutensium
673 700 800 758 comes,
825 679 1029 764 aegritudine
1057 681 1104 744 si·
1117 647 1264 738 awa.

157 779 285 844 nulata
303 787 339 844 et
361 787 499 863 sumpta
522 800 544 844 a
565 781 730 845 fratribus
748 780 900 858 licentia,
923 800 1000 844 cum
1019 800 1104 863 qua·

156 887 229 943 tuor
255 888 469 945 armatorum
495 881 647 945 millibus
664 883 710 946 ab
732 881 910 946 obsidione
929 900 997 944 non
1016 881 1106 945 redi-

155 988 251 1043 turus
274 981 469 1060 abscessit3
501 1001 570 1063 quo
593 981 686 1047 sacto
708 989 780 1045 tam
800 981 946 1047 notabili
965 989 1106 1064 tamque

156 1079 292 1144 lunesto
318 1081 503 1164 principes,
528 1082 644 1165 quiin
667 1081 791 1146 castris
817 1090 928 1158 erant,
952 1090 1106 1144 conster-

156 1181 237 1258 nati,
265 1188 449 1264 coeperunt
476 1183 580 1246 anxie
607 1183 797 1247 deliberare
825 1180 997 1265 quomodo
1027 1181 1106 1246 huic

157 1281 275 1345 morbo
301 1290 444 1363 possent
472 1301 663 1361 occurrere,
687 1302 731 1347 ne
759 1283 824 1348 hoc
848 1281 1007 1364 exemplo
1030 1301 1107 1365 per·

156 1380 288 1445 nicioso
313 1381 373 1445 alii
396 1382 508 1445 simile
530 1382 660 1464 aliquid
689 1389 915 1448 attentarent.
968 1381 1107 1446 Placuit

157 1500 236 1562 ergo
269 1480 441 1560 omnibus,
470 1489 510 1546 ut
538 1483 735 1566 quicunque
763 1503 801 1548 se
831 1503 853 1546 a
880 1482 1004 1547 castris
1032 1483 1107 1546 sine

156 1581 351 1664 principum
376 1581 518 1646 licentia
541 1583 771 1661 subtraheret,
803 1591 968 1666 tanquam
999 1584 1105 1646 sacri·

156 1680 254 1762 legns
280 1689 342 1745 aut
361 1681 532 1746 homicida
558 1684 592 1746 in
611 1685 766 1748 exercitu
786 1684 993 1762 haberetur3
1016 1682 1107 1746 unde

157 1780 286 1845 factum
304 1789 369 1859 est,
386 1788 427 1846 ut
441 1802 560 1846 omnes
575 1784 717 1866 pariter,
732 1791 897 1866 tanquam
914 1783 979 1847 viri
995 1782 1109 1846 claus-

159 1881 276 1959 trales,
312 1883 525 1966 principibus
557 1885 630 1947 suis
663 1883 893 1949 obedientiam
927 1883 1107 1948 voluntate

157 1988 348 2064 spontanea
364 1982 574 2048 exhiberent.

229 2166 295 2252 'Dc
308 2164 469 2251 Emysaro,
475 2187 538 2252 por
552 2186 638 2253 quan
653 2166 775 2232 trudito
789 2175 831 2231 ast
840 2164 1020 2230 Antiochia.

206 2289 306 2356 Solet
328 2299 446 2356 autem
470 2292 590 2357 divina
614 2293 796 2357 clementia
822 2311 1000 2356 servorum
1028 2311 1214 2363 sno-uasa

159 2411 234 2455 rum
264 2391 502 2457 deficientibus
532 2394 747 2476 argumentis
776 2393 961 2457 subvenire
990 2394 1106 2477 propi·
1120 2365 1219 2404 *nm

159 2491 239 2570 tius,
263 2511 327 2556 nec
352 2493 457 2558 ctiam
484 2513 566 2558 suos
593 2494 687 2558 ultra
708 2513 811 2577 quam
834 2494 1005 2557 sustinere
1026 2512 1107 2574 pos-

160 2600 241 2657 sunt
266 2595 395 2657 tentari
420 2594 599 2677 permittit.
653 2594 740 2660 Erat
762 2594 852 2658 enim
874 2594 911 2657 in
933 2594 1017 2656 urbe
1032 2592 1107 2657 An·

161 2692 427 2757 tiochenainter
442 2693 530 2757 alios
546 2694 600 2757 vir
616 2695 755 2777 quidam
774 2713 899 2776 genere
919 2693 1106 2775 praeclarus

161 2799 195 2856 et
207 2791 407 2857 Christiana
418 2793 629 2875 professione
645 2794 843 2876 insignitur,
854 2787 1007 2878 ¹Emyser
1020 2813 1107 2856 nun·

160 2900 322 2975 cupatus,
353 2893 455 2957 homo
485 2901 607 2977 potens
639 2895 739 2959 nimis
774 2901 809 2958 et
839 2892 981 2958 Axiano
1011 2894 1107 2957 urbis

160 2993 299 3056 domino
327 2994 438 3058 multa
462 2994 697 3059 familiaritate
720 2994 937 3079 conjunctus,
960 2994 1011 3056 ita
1033 2994 1108 3075 qui·

161 3093 237 3156 dem
260 3100 301 3157 ut
322 3095 358 3158 in
373 3097 448 3179 ejus
463 3095 593 3177 palatio
615 3096 741 3159 notarii
754 3092 865 3158 officio
881 3093 1105 3175 fungeretur;

160 3194 214 3257 vir
230 3193 383 3277 prudens
399 3201 435 3258 et
449 3194 652 3272 industriuS,
664 3195 805 3258 audiens
822 3193 915 3277 quod
931 3195 1107 3258 Boamun·

162 3293 225 3356 dus
242 3294 404 3376 princeps
424 3303 516 3359 esset
534 3295 679 3359 illustris
697 3303 732 3359 et
754 3294 969 3376 magnificus,
989 3294 1108 3357 statim

161 3401 241 3475 post
271 3394 485 3458 obsidionem
511 3396 606 3459 urbis
639 3415 702 3479 per
728 3395 958 3460 internuntios
989 3394 1107 3457 fideles

162 3494 236 3578 ejus
268 3495 334 3558 sibi
360 3496 509 3576 gratiam
535 3496 772 3573 reconcilians,
799 3495 925 3560 civium
954 3501 989 3558 et
1013 3493 1107 3557 urbis

163 3601 292 3659 statum
306 3594 426 3658 diebus
448 3596 595 3678 singulis
619 3596 836 3674 denudabat,
846 3602 881 3658 et
898 3595 1012 3670 nimis,
1026 3595 1108 3657 licet

163 3695 308 3772 occulte,
331 3695 478 3758 amicum
501 3696 538 3758 in
560 3698 720 3760 omnibus
742 3696 886 3779 agendis
906 3693 1107 3776 diligentius

197 3941 202 3970 ¹
218 3942 340 4006 limma]
363 3942 416 3992 'l'he
436 3949 534 4007 greater
552 3960 624 3994 num·
647 3945 740 4007 chnud,
751 3946 768 3995 i.
780 3961 807 4007 p.
820 3949 876 4006 305,
887 3949 958 4004 note3
974 3945 1029 3993 also
1045 3944 1107 3993 ‘the

160 4014 203 4064 ber
213 4014 243 4063 of
250 4013 293 4062 the
300 4013 470 4063 historiansof
478 4015 529 4065 this
535 4016 623 4078 period
648 4017 793 4078 interesting
800 4020 898 4064 extract
903 4015 964 4063 from
973 4015 1108 4064 Kenraled·

162 4085 209 4134 call
225 4084 276 4134 this
288 4085 376 4133 traitor
387 4084 511 4146 Pyrrhus,
522 4102 551 4135 or
562 4086 624 4135 Phi·
648 4087 713 4136 din's
722 4087 816 4147 history
823 4085 853 4134 os
857 4081 958 4147 Ale'ppo
965 4086 1108 4147 inWillren,

163 4166 230 4216 rous,
253 4155 295 4204 the
318 4169 364 4204 son
384 4155 413 4203 of
432 4170 464 4204 an
486 4157 623 4206 Armenian
649 4157 878 4218 prelacetovol.ii.
891 4172 916 4218 p.
928 4157 985 4219 365
997 4157 1108 4216 Gibbou,

163 4227 249 4276 mukar
270 4225 299 4276 ol
321 4226 456 4276 cuirasses.
501 4228 550 4277 See
574 4229 625 4276 Mi·
648 4229 684 4276 xi.
696 4242 722 4288 p.
730 4231 772 4289 65,
781 4231 844 4277 note.
