2820 4882
329 370 394 435 148
581 387 721 435 sooner
747 388 794 435 nn
817 388 1025 437 wunnovnn

170 559 294 649 ffipowvoaf-
330 547 391 623 cis,
403 566 507 628 quam
520 548 606 612 civis
620 549 759 631 quidam
773 548 1124 632 Hierosolymitanus,
1137 546 1276 610 nomine

168 620 450 728 acerbare-smus,
470 649 680 730 principibus
704 669 814 731 nuper
838 648 1095 730 propalaverat,
1118 648 1162 710 ab
1185 648 1276 710 anti-

330 747 408 828 quis
424 766 446 809 a
461 766 498 810 se
515 749 725 829 temporibus
749 747 968 812 custoditam.
1006 747 1091 811 Dux
1105 766 1201 823 vero,
1217 748 1277 828 qui

330 852 365 909 et
381 865 443 908 rex
461 855 536 911 erat
557 847 907 930 Hierosolymitanus,
930 868 1008 910 cum
1030 847 1164 911 caeteris
1184 847 1279 928 prin·

330 946 463 1028 cipibus
491 948 680 1028 peregrinis
702 947 888 1010 Ramulam
903 948 1119 1030 perveniens
1134 946 1278 1010 edoctus

330 1053 383 1109 est
407 1046 455 1109 ibi
479 1047 626 1127 pleniuS,
654 1047 745 1129 quod
772 1047 957 1129 praedictus
978 1046 1159 1130 Emyreius
1184 1045 1277 1127 apud

329 1142 536 1209 Ascalonem
552 1166 630 1209 cum
646 1148 718 1209 suis
732 1147 840 1228 copiis
854 1146 1076 1210 consedisset.
1104 1145 1281 1208 Praemisit

329 1245 447 1327 itaque
462 1245 535 1308 dux
553 1246 687 1327 equites
707 1246 885 1322 ducentoS,
906 1247 965 1327 qui
979 1247 1071 1310 viam
1092 1252 1127 1308 et
1146 1251 1277 1308 statum

329 1343 480 1408 hostium
496 1346 736 1427 explorarent3
760 1344 833 1422 sed,
843 1365 921 1408 oum
935 1345 1189 1427 aliquantulum
1197 1363 1278 1426 pro-

328 1445 525 1521 cessissent,
547 1446 754 1508 invenerunt
777 1452 933 1508 armenta
959 1446 1076 1521 boum,
1109 1462 1276 1525 equorum

328 1550 365 1606 et
381 1544 601 1618 camelorum,
624 1564 702 1608 cum
724 1544 921 1626 pastoribus
938 1545 1144 1607 animalibus
1158 1562 1277 1606 curam

328 1645 596 1724 praestantibus3
630 1644 673 1707 ad
710 1663 796 1725 quos
820 1664 897 1707 cum
921 1652 1039 1708 noster
1064 1643 1280 1726 pervenisset

328 1744 513 1818 exercitus,
538 1744 700 1825 fugerunt
720 1751 791 1807 tarn
814 1751 972 1825 pastores
989 1763 1093 1825 quam
1115 1744 1176 1825 qui
1198 1761 1279 1823 pas-

328 1843 461 1905 toribus
494 1851 666 1925 praeerant
697 1845 842 1925 equiteS,
869 1845 1031 1925 gregibus
1054 1850 1090 1906 et
1113 1843 1279 1906 armentis

326 1942 403 2007 sine
429 1944 572 2007 custode
596 1944 744 2021 relictis;
778 1943 870 2024 capti
894 1951 977 2006 sunt
1001 1951 1116 2006 tamen
1136 1941 1277 2024 quidam

330 2061 375 2104 ex
398 2041 460 2118 eis,
486 2063 631 2125 quorum
653 2044 819 2106 relatione
846 2042 888 2105 de
917 2042 1068 2106 hostium
1098 2042 1278 2124 proposito

328 2140 442 2204 edocti
472 2150 719 2224 cognoverunt,
758 2141 850 2223 quod
884 2143 1043 2224 princeps
1076 2141 1277 2223 praedictus,

330 2241 390 2322 qui
408 2242 514 2324 juxta
531 2262 590 2306 eos
615 2243 658 2306 ad
679 2250 810 2324 septem
831 2241 991 2305 milliaria
1014 2249 1129 2305 castra
1143 2249 1277 2305 statue-

327 2347 396 2417 rat,
429 2350 511 2423 post
540 2343 681 2405 biduum
714 2342 875 2405 accedere
909 2350 944 2405 et
975 2349 1131 2405 nostrum
1163 2341 1276 2405 delere

330 2441 520 2520 exercitum
535 2442 723 2522 cogitabat.
763 2442 873 2504 Erant
886 2447 1000 2504 autern
1016 2441 1125 2504 nostri
1136 2461 1279 2505 numero

331 2540 430 2620 quasi
447 2540 540 2603 mille
556 2541 690 2622 equites
712 2548 747 2605 et
767 2541 916 2616 ducenti,
932 2540 1065 2622 pedites
1079 2560 1161 2604 vero
1177 2542 1277 2622 quasi

329 2657 393 2702 sex
417 2639 526 2703 millia
551 2641 732 2717 numerati,
757 2642 817 2722 qui
843 2659 961 2704 omnes
981 2640 1024 2703 de
1049 2639 1169 2721 praelio
1193 2642 1279 2705 certi

330 2757 454 2803 novem
477 2741 567 2803 acies
592 2741 781 2817 instruunt,
803 2759 949 2822 quarum
971 2746 1040 2803 tres
1058 2748 1278 2822 praeponunt,

332 2843 401 2901 tres
429 2838 546 2903 locant
573 2840 609 2903 in
635 2841 758 2917 medio,
782 2847 817 2904 et
845 2848 915 2903 tres
938 2841 1036 2921 sequi
1057 2840 1277 2922 praecipiunt,

327 2943 381 3014 ut,
401 2939 628 3021 undecunque
657 2939 700 3002 ad
730 2958 789 3003 eos
828 2940 978 3003 hostium
1014 2938 1076 3002 fiat
1104 2958 1277 3018 accessus,

330 3037 498 3119 triplicem
513 3039 561 3101 ibi
577 3040 750 3121 reperiant
764 3040 918 3102 ordinem
930 3040 1080 3102 acierum
1090 3038 1276 3122 objectum.

330 3134 387 3201 Sic
412 3138 542 3220 itaque,
570 3139 713 3202 obtenta
747 3140 821 3202 sine
855 3138 1127 3202 contradictione
1157 3139 1278 3220 praeda

327 3245 531 3314 memorata,
551 3258 629 3320 quae
644 3258 716 3320 prae
737 3239 844 3301 nimia
860 3237 1079 3301 multitudine
1100 3258 1278 3310 numerum

325 3338 530 3415 excedebat,
559 3345 694 3402 noctem
720 3338 815 3401 illam
839 3339 886 3401 ibi
917 3345 1161 3418 transegerunt
1189 3359 1276 3420 gau-

331 3434 470 3514 dentes3
495 3457 595 3500 mane
614 3445 729 3501 autem
747 3437 852 3514 sact0,
869 3438 965 3500 lituis
981 3445 1016 3501 et
1036 3437 1128 3500 tubis
1148 3438 1277 3503 bellum

329 3535 503 3613 indicitur,
537 3545 572 3601 et
605 3538 784 3601 instructis
819 3537 1008 3614 ordinibus,
1044 3537 1196 3601 Domino
1227 3541 1276 3603 rei

331 3637 464 3700 exitum
481 3636 770 3714 commendantes,
792 3636 829 3699 in
853 3637 971 3700 hostes
993 3637 1095 3719 quasi
1111 3637 1165 3702 vir
1185 3658 1275 3703 unus

329 3735 531 3816 procedunt,
549 3755 645 3818 spem
661 3737 697 3800 in
713 3757 754 3800 eo
768 3737 922 3802 victoriae
938 3736 1160 3801 collocantes,
1188 3737 1276 3802 Pro·

329 3836 529 3900 cedentibus
555 3837 663 3917 igitur
689 3836 883 3918 legionibus
905 3836 1011 3919 juxta
1032 3836 1191 3900 militaris
1218 3858 1274 3903 or-

327 3934 418 3999 dinis
443 3935 658 4018 disciplinam
684 3936 778 4000 lento
808 3935 918 4017 gradu
944 3936 988 3999 ad
1015 3954 1181 4018 pugnam,
1200 3937 1278 4002 visa

325 4041 410 4098 sunt
435 4055 597 4118 superno,
615 4043 654 4099 ut
674 4035 836 4111 creditur,
857 4037 1024 4099 instinctu
1050 4055 1177 4117 pecora
1199 4056 1275 4101 cor-

325 4133 426 4198 nibus
438 4137 560 4200 erectis
575 4147 610 4200 et
626 4137 745 4200 caudis
766 4135 916 4199 acierum
929 4135 1096 4199 lateribus
1109 4155 1131 4199 a
1142 4136 1276 4223 dextris
