2820 4882
148 596 203 635 Ab.
214 596 271 635 1099.

147 645 235 695 History
243 645 267 685 of

307 408 372 472 132
560 424 696 472 uocum
719 424 766 470 nn
790 423 996 473 wnrrnovnn

309 585 433 648 donem
467 583 670 666 attigerunt,
703 591 750 662 et,
772 586 809 648 in
836 584 988 651 crastino
1011 599 1176 665 percursa
1196 580 1261 643 Sa-

148 695 296 736 thecnmdo·
310 691 410 766 repta
424 682 603 766 prophetae
623 684 740 748 Heliae
756 685 916 760 nutricia,
935 684 978 746 ad
996 683 1089 746 illius
1106 681 1259 762 regionis

148 2193 194 2233 Tha
202 2193 276 2232 merob

146 2253 173 2282 on
182 2243 266 2283 Jenrss·

146 2293 195 2332 lem.

307 783 526 865 metropolim
551 782 683 866 Tyrum
709 791 953 866 pervenerunt,
977 790 1012 846 et
1034 782 1158 845 debinc
1181 800 1261 862 pro-

309 883 391 948 fecti
405 880 529 947 Achon
554 890 598 960 et¹
611 884 656 946 ab
677 881 801 948 Achon
823 884 1011 967 progressi,
1035 881 1219 946 Galilaeam
1238 899 1260 943 a

308 983 399 1048 laeva
415 983 624 1060 deserentes,
640 984 730 1046 inter
748 982 945 1047 Carmelum
960 989 995 1045 et
1017 1001 1124 1058 mare,
1139 979 1259 1043 Caesa·

309 1102 403 1145 ream
422 1081 611 1147 Palestinae
628 1083 858 1164 metropolim,
874 1101 953 1163 quae
969 1089 1005 1145 et
1022 1081 1144 1144 Turris
1162 1079 1260 1143 Stra·

309 1182 401 1245 tonis
427 1182 496 1245 alio
519 1183 657 1246 nomine
686 1182 894 1265 appellatur.
969 1179 1119 1259 Quidam
1143 1186 1259 1242 autem

309 1280 481 1364 principes
504 1301 566 1363 per
587 1289 740 1346 castrum
762 1281 933 1346 Betbelon
952 1280 1172 1344 transeuntes
1197 1297 1259 1360 ap-

309 1380 505 1462 plicuerunt
535 1380 579 1444 ad
607 1383 726 1445 urbem
752 1380 890 1445 Barucb
921 1382 958 1444 in
986 1380 1041 1443 die
1066 1379 1258 1443 Dominicae

310 1481 521 1543 ascensionis
535 1491 549 1560 '3
583 1480 663 1544 inde
691 1501 752 1563 per
776 1474 967 1562 ¹Sagittam
996 1479 1039 1542 ad
1067 1478 1194 1543 Arram
1224 1486 1260 1541 et

311 1578 491 1662 Gaypbam
514 1587 745 1657 transeuntes
771 1580 860 1643 diem
885 1579 1117 1643 Pentecosten
1141 1596 1260 1642 omnes

309 1679 440 1761 pariter
466 1680 668 1762 congregati
700 1680 792 1762 apud
817 1679 1014 1743 Caesaream
1046 1685 1171 1761 quarto
1196 1676 1260 1740 ka·

307 1778 428 1842 landas
442 1777 466 1842 J
468 1778 529 1844 ulii
542 1780 741 1844 solemniter
756 1780 984 1843 celebrarunt.

359 1955 408 2020 Da
424 1953 605 2019 desolatione
619 1955 745 2020 ecclesia
763 1955 865 2020 suncti
884 1953 1009 2038 Georgii
1023 1953 1174 2036 martyris
1188 1973 1209 2013 o

722 2055 842 2120 Turris.

361 2179 510 2245 Peracta
524 2180 644 2262 itaque
664 2180 712 2243 ibi
732 2181 836 2243 trium
857 2196 954 2242 mora
970 2178 1112 2255 dierum,
1131 2177 1260 2242 relictis

310 2299 332 2343 a
357 2279 482 2343 dextra
500 2280 589 2344 vlocis
614 2279 795 2343 maritimis
812 2278 1043 2360 ·Antipatrida
1069 2285 1104 2341 et
1132 2276 1155 2341 J
1158 2297 1260 2360 oppe,

311 2378 546 2443 Eleutheriam
572 2386 801 2456 transeuntes
822 2377 992 2460 Lyddam,
1013 2397 1091 2459 quae
1115 2376 1258 2459 Eliopo·

309 2479 353 2541 lis
376 2478 513 2555 dicitur,
536 2480 595 2542 ubi
619 2477 764 2559 Georgii
786 2479 948 2560 martyris
975 2476 1106 2558 egregii
1132 2496 1258 2558 corpus

311 2578 507 2660 requiescit,
536 2579 786 2659 pervenerunt3
813 2578 913 2661 cujus
937 2577 1117 2640 ecclesiam
1140 2574 1259 2639 hostes

308 2676 389 2741 fidei
419 2677 524 2760 paulo
559 2684 639 2741 ante
664 2677 850 2742 adventum
878 2677 1137 2758 peregrinorum
1164 2675 1258 2759 deje-

310 2782 442 2851 cerant,
459 2783 651 2840 metuentes
674 2797 717 2841 ne
734 2778 850 2840 trabes
866 2776 1030 2852 basilicae,
1044 2794 1123 2857 quae
1138 2775 1259 2838 multae

310 2874 528 2956 proceritatis
542 2884 653 2952 erant,
667 2875 702 2938 in
720 2875 897 2940 machinas
912 2875 1041 2940 vellent
1057 2883 1259 2938 convertere
1312 2955 1315 2960 Ι

311 2981 346 3037 et
360 2974 455 3036 urbis
472 2973 552 3037 inde
568 2974 697 3038 moenia
712 2994 922 3057 expugnare.
976 2973 1158 3037 Profectus
1178 2974 1258 3037 inde

311 3092 425 3137 comes
439 3073 673 3151 Flandrensis,
687 3074 874 3151 RobertuS,
892 3073 1077 3137 Ramulam
1088 3074 1259 3155 pervenit,

311 3180 346 3236 et
368 3180 500 3255 portaS,
515 3192 603 3255 quas
625 3181 783 3255 patentes
805 3174 998 3249 inveniunt,
1024 3172 1259 3254 ingredientes

310 3273 428 3335 urbem
442 3291 598 3337 vacuam
626 3281 845 3355 repererunt3
879 3279 981 3336 nocte
1009 3291 1093 3336 sane
1115 3280 1259 3354 praeter,-

310 3372 362 3435 ita
396 3371 514 3448 Turci,
549 3378 746 3436 nostrorum
779 3379 1027 3454 cognoscentes
1060 3371 1259 3450 adventum,

311 3470 477 3534 abeuntes
499 3471 565 3533 sibi
587 3472 765 3535 consulere
783 3472 1026 3554 procurabant.
1080 3470 1259 3553 Principes

310 3589 392 3634 vero
410 3570 470 3633 alii
484 3569 521 3632 in
535 3571 686 3634 crastino
702 3570 784 3634 illuc
801 3572 977 3636 venientes
995 3589 1130 3634 omnem
1149 3571 1259 3633 abun-

310 3668 465 3732 dantiam
486 3668 660 3746 frumenti,
677 3671 750 3735 vini
773 3676 809 3733 et
825 3670 892 3733 olei
910 3676 1122 3752 repererunt,
1142 3677 1259 3752 atque,

140 3788 142 3792 ’
242 3791 244 3795 ·
306 3787 371 3849 per
404 3767 556 3831 triduum
590 3769 638 3831 ibi
672 3789 803 3837 moram
837 3769 1015 3845 facientes,
1046 3761 1259 3832 ²Robertum

301 3866 492 3948 quendam,
502 3886 627 3948 genere
638 3867 925 3945 Normannicum,
937 3868 1091 3952 ejusdem
1105 3868 1259 3932 civitatis

310 4121 314 4130 ,
345 4063 512 4130 'SugittumJ
538 4070 606 4119 Now
634 4069 721 4133 Soida,
743 4085 771 4119 or
831 4064 1007 4136 ”Robertum.]
1035 4070 1077 4118 He
1096 4071 1157 4119 died
1175 4071 1259 4120 before

300 4136 624 4200 ·Saide;f0rmeriy'sidon.
728 4163 729 4167 =
796 4139 1051 4260 bzztitschirinplassrsslbe
1063 4140 1260 4239 Quien,0riens
