2820 4882
406 391 542 439 neonus
570 391 839 439 ursronmauu.
1027 375 1092 439 301

141 555 375 612 tenementum
390 549 438 612 sit
459 543 645 630 pertinens
658 548 702 612 ad
725 548 992 633 eleemosynam,
1018 549 1092 612 sive
1103 563 1257 654 &gum

141 648 185 709 ad
215 649 341 712 laicum
369 647 521 724 feodum,
547 667 664 712 coram
684 647 881 730 justiciario
907 648 1025 729 regis3
1056 655 1092 711 et
1103 663 1257 705 oxomum.

142 748 172 809 si
197 748 413 828 recognitum
435 746 538 810 fuerit
560 746 603 809 ad
628 747 881 830 eleemosynam
907 747 1092 829 pertinere,

143 845 310 927 placitum
329 847 396 909 erit
417 846 455 908 in
479 845 575 909 curia
598 845 854 924 ecclesiastica3
886 847 916 908 si
938 864 1021 909 vero
1047 845 1091 909 ad

144 945 270 1007 laicum
296 944 448 1021 feodum,
475 945 541 1008 nisi
569 945 671 1008 ambo
696 952 927 1009 tenementum
953 944 995 1007 de
1017 945 1092 1027 epi·

145 1063 252 1126 scopo
276 1044 396 1107 eodem
419 1043 475 1107 vel
497 1044 627 1107 barone
648 1042 908 1119 advocaverint,
927 1043 993 1106 erit
1018 1044 1093 1124 pla-

144 1143 250 1206 citum
264 1143 412 1207 incuria
428 1143 539 1224 regis3
563 1142 636 1219 sed,
652 1142 682 1206 si
696 1144 834 1225 utrique
847 1141 1094 1206 advocaverint

145 1242 188 1304 de
215 1241 316 1305 feodo
342 1242 403 1305 illo
435 1241 582 1305 eundem
609 1241 807 1324 episcopum
834 1242 890 1305 vel
916 1242 1093 1317 baronem,

145 1340 212 1404 erit
238 1340 404 1423 placitum
430 1340 586 1404 incuria
613 1340 734 1425 ipsius,
760 1341 811 1404 ita
837 1340 1094 1422 quodpropter

146 1439 274 1503 factam
289 1439 560 1521 recognitionem
582 1440 747 1503 saisinam
770 1460 840 1503 non
862 1440 1014 1517 amittat,
1035 1440 1096 1521 qni

146 1539 242 1621 prius
258 1538 374 1603 fuerat
388 1533 557 1602 ¹saisitus.

198 1636 302 1720 [Qui]
334 1638 378 1701 de
408 1637 549 1702 civitate
573 1638 629 1702 vel
655 1638 800 1702 castello
824 1640 880 1704 vel
904 1640 1016 1721 burgo
1039 1639 1095 1702 vel

146 1737 318 1801 dominico
344 1738 497 1800 manerio
526 1738 618 1819 regis
643 1737 767 1817 suerit3
799 1739 830 1802 si
856 1739 901 1802 ab
926 1738 1096 1802 archidia-

147 1856 236 1899 couo
260 1837 316 1900 vel
343 1836 506 1918 episcopo
535 1854 640 1918 super
670 1837 787 1919 aliquo
815 1838 940 1901 delicto
968 1838 1095 1901 citatus

147 1935 260 2011 fuerit,
290 1935 381 1998 unde
409 1935 534 1999 debeat
558 1936 609 1999 eis
636 1936 854 2018 respondere,
880 1943 916 2000 et
941 1935 985 1998 ad
1010 1936 1095 1999 cita·

146 2035 259 2098 tiones
281 2054 399 2098 eorum
422 2034 571 2098 noluerit
593 2034 806 2111 satisfacere,
826 2036 914 2099 bene
939 2033 1021 2098 licet
1045 2034 1095 2096 eis

147 2134 213 2197 sub
229 2134 415 2197 interdicto
430 2152 557 2216 ponere
572 2152 663 2210 eum,
680 2134 740 2197 sed
756 2154 825 2197 non
840 2133 965 2197 debent
981 2134 1094 2215 ipsum

146 2233 445 2302 excommunicare
466 2233 666 2315 priusquam
685 2233 846 2315 capitalis
866 2232 1022 2295 minister
1040 2251 1095 2295 re-

148 2333 202 2412 gis
223 2332 316 2396 villae
340 2332 434 2395 illius
453 2332 692 2408 conveniatur,
714 2338 753 2395 ut
770 2331 927 2415 justiciet
949 2349 1025 2394 eum
1049 2330 1094 2393 ad

147 2430 420 2495 satisfactionem
445 2432 588 2509 venire3
616 2431 703 2493 etsi
725 2431 881 2494 minister
901 2430 993 2512 regis
1015 2429 1095 2493 inde

149 2530 324 2608 defecerit,
352 2530 418 2594 erit
444 2530 480 2592 iu
511 2529 745 2594 misericordia
774 2532 880 2613 regiS,
908 2537 944 2594 et
969 2529 1095 2594 exinde

146 2630 275 2712 poterit
295 2629 476 2712 episcopus
499 2631 614 2714 ipsum
638 2636 838 2694 accusatum
860 2629 1094 2694 ecclesiastica

144 2729 285 2812 justitia
301 2748 469 2792 coercere.

199 2826 473 2909 Archiepiscopi,
502 2827 655 2909 episcopi
680 2834 716 2890 et
743 2828 913 2891 universae
938 2846 1094 2908 personae

147 2925 258 3007 regni,
274 2926 334 3008 qui
351 2927 394 2989 de
407 2945 488 3006 rege
504 2931 623 2989 tenent
638 2925 675 2987 in
697 2926 823 3006 capite,
843 2925 994 2989 habeant
1014 2945 1094 3008 pos·

146 3025 318 3088 sessiones
344 3043 426 3088 suas
449 3025 491 3087 de
516 3043 598 3105 rege
623 3024 714 3087 sicut
739 3024 930 3098 baroniam,
957 3031 992 3086 et
1015 3024 1095 3087 inde

147 3123 379 3206 respondeant
390 3123 594 3207 justiciariis
609 3128 646 3185 et
664 3122 831 3186 ministris
853 3122 957 3203 regiS,
978 3128 1014 3184 et
1039 3141 1094 3184 se-

147 3230 299 3305 quantur
316 3229 352 3286 et
373 3221 504 3285 saciant
525 3240 644 3285 omnes
667 3222 933 3286 consuetudines
955 3220 1092 3301 regias;

148 3330 196 3398 et,
208 3322 299 3384 sicut
315 3320 433 3385 caeteri
449 3322 606 3397 barones,
622 3320 749 3384 debent
769 3321 935 3385 interesse
953 3318 1094 3402 judiciis

148 3420 254 3484 curiae
276 3420 368 3502 regis
393 3440 471 3483 cum
490 3419 689 3496 baronibus,
712 3439 891 3503 quousque
915 3417 1094 3501 pervenia-

149 3529 207 3586 tur
235 3519 280 3584 ad
306 3519 566 3583 diminutionem
592 3519 822 3582 membrorum
848 3518 904 3582 vel
932 3517 976 3581 ad
1006 3525 1113 3581 mor-'

150 3630 233 3685 tem.
284 3671 286 3677 .

199 3718 288 3782 Cum
319 3719 495 3782 vacaverit
522 3718 853 3799 archiepiscopatus,
877 3717 934 3780 vel
962 3716 1096 3797 episco-

148 3827 264 3901 patus,
298 3817 354 3881 vel
390 3818 543 3894 abbatia,
575 3818 631 3882 vel
669 3818 843 3899 prioratus
876 3817 913 3879 iu
944 3814 1096 3878 dominio

149 3918 255 4000 regis,
286 3917 388 3980 debet
413 3936 489 3980 esse
514 3917 551 3980 in
579 3936 683 3980 manu
706 3916 827 3998 ipsius,
852 3921 888 3978 et
910 3915 989 3978 inde
1019 3933 1101 3995 pcr-·

182 4139 313 4192 ‘Suisitas
320 4140 343 4204 ,·]
361 4140 457 4190 ‘donec
475 4156 521 4202 per
536 4143 658 4203 placitum
669 4142 848 4192 ditationatum
858 4140 935 4190 fuerit
944 4136 958 4203 ς’
975 4140 1055 4191 wilk.
