2820 4882
325 388 391 452 420
583 403 718 451 nocnnr
743 403 790 450 nn
812 402 1020 451 wnunovau

166 576 288 617 auara
327 558 471 623 Thomae
487 560 650 642 martyris
666 560 867 638 offeruntur,
888 560 1133 625 monachorum
1158 560 1279 623 usibus

327 678 503 736 concessa,
543 667 669 742 quarta
710 660 849 724 fabricis
898 660 1053 725 eeclesiae
1094 661 1275 742 deputata,

328 766 453 840 quarta
479 761 689 841 pauperibus
713 766 869 842 erogata,
892 767 1051 843 quartam
1082 761 1277 842 portionem

325 857 431 922 liceat
448 858 510 923 tibi
527 860 562 921 in
578 859 665 922 alios
685 878 770 925 usus
788 861 895 924 bonos
918 880 980 943 pro
999 867 1069 927 tuae
1084 859 1277 925 voluntatis

327 959 472 1023 arbitrio
490 958 658 1040 erogare?

436 1131 525 1212 Quod
538 1129 664 1217 Subula
679 1132 714 1195 iu
729 1133 869 1218 rapinum
882 1131 1169 1218 Hierosolymaruu

717 1242 890 1297 coronatur.

373 1351 491 1421 Circa¹
508 1357 582 1421 dies
596 1358 694 1434 istoS,
711 1356 913 1422 Baldewino
926 1377 1034 1439 puero
1050 1375 1130 1438 rege
1146 1354 1275 1418 Hiero·

327 1456 539 1538 solymarum
555 1456 729 1535 defuncto,
748 1477 817 1520 non
837 1464 913 1522 erat
934 1457 995 1538 qui
1015 1457 1047 1520 ei
1067 1457 1104 1519 iu
1129 1475 1275 1536 regnum

328 1557 539 1633 succederet,
569 1563 696 1637 praeter
724 1556 902 1639 Sybillam,
934 1575 1078 1621 uxorem
1105 1555 1277 1618 Guidonis

327 1656 463 1719 comitis
480 1655 681 1737 Joppensis,
706 1674 785 1738 quae
811 1675 910 1720 soror
935 1662 1011 1720 erat
1035 1655 1127 1737 regis
1146 1655 1276 1737 leprosi

328 1761 363 1821 et
387 1756 479 1836 regis
505 1756 603 1838 pueri
627 1775 738 1837 nuper
761 1755 914 1823 defuncti
936 1763 1068 1834 mater3
1100 1754 1161 1818 sed
1187 1774 1276 1837 quo-

326 1854 420 1921 niam
446 1863 581 1937 tempus
601 1855 766 1931 instabat,
788 1862 828 1919 ut
846 1863 979 1937 treugae
1002 1855 1093 1919 inter
1117 1854 1277 1924 Salaadi÷

327 1974 412 2021 num
431 1962 466 2022 et
492 1955 657 2037 populum
679 1954 913 2018 Christianum
939 1955 1138 2019 constitutae
1164 1953 1278 2017 solve-

327 2062 456 2131 rentur,
482 2055 581 2136 regni
602 2055 753 2136 provisio
770 2054 846 2138 jam
870 2056 907 2118 in
929 2062 1026 2119 arcto
1048 2053 1164 2137 posita
1187 2061 1276 2130 erat,

326 2174 389 2218 nec
420 2153 548 2221 differri
579 2155 694 2237 potuit
726 2155 810 2237 quin
846 2154 889 2218 de
925 2155 1019 2218 illius
1057 2153 1274 2218 ordinatione

325 2254 419 2318 illico
448 2261 690 2337 tractaretur.,
705 2254 930 2345 „Qennocato
957 2255 1066 2336 igitur
1094 2272 1276 2336 procerum

326 2353 484 2430 concilio,
505 2355 542 2417 in
561 2353 626 2423 hoc
645 2354 776 2436 pariter
794 2360 1054 2431 consenserunt,
1072 2360 1112 2417 ut
1129 2351 1275 2436 Sybilla,

326 2452 497 2517 Guidonis
513 2474 614 2530 uxor,
628 2460 795 2537 tanquam
810 2453 921 2518 haeres
941 2453 1138 2537 justissima
1154 2472 1278 2534 regum

325 2551 568 2642 praedictorum
604 2560 827 2617 coronaretur
857 2554 893 2616 in
930 2554 1097 2642 reginam,
1123 2559 1159 2617 et
1185 2551 1273 2614 Gui-

326 2650 461 2727 donem,
486 2638 547 2735 qui
569 2672 678 2733 regno
700 2651 909 2716 insufficiens
935 2660 1011 2716 erat
1035 2652 1198 2735 regendo,
1217 2671 1274 2716 so-

325 2751 484 2814 lemniter
514 2752 721 2833 repudiaret,
787 2749 938 2835 Respuit
969 2753 1102 2835 Sybilla
1127 2771 1273 2834 regnum

302 2888 304 2892 -
325 2851 391 2913 sibi
413 2852 477 2914 sub
498 2852 560 2914 tali
583 2852 779 2916 conditione
798 2851 966 2931 oblatum,
985 2852 1096 2916 donec
1114 2871 1275 2934 proceres

309 2948 361 3012 -id
381 2951 589 3031 generaliter
610 2952 662 3015 illi
684 2959 928 3017 concesserunt
947 2959 983 3016 et
995 2952 1194 3039 juramento
1216 2951 1275 3014 fir·

326 3058 520 3127 maverunt,
541 3058 593 3127 ut,
618 3071 720 3134 quem
743 3052 821 3135 ipsa
842 3053 1005 3116 maritum
1023 3052 1178 3134 eligeret,
1199 3072 1276 3116 om-

326 3169 388 3217 nes
411 3151 478 3232 ipsi
504 3151 595 3215 sicut
616 3152 691 3233 regi
715 3152 914 3231 obedirent3
943 3151 1060 3220 Guido
1090 3151 1193 3215 etiam
1219 3151 1274 3215 vir

325 3249 400 3333 ejus
430 3251 633 3332 suppliciter
660 3253 873 3334 postulabat,
900 3271 944 3316 ne
971 3271 1034 3337 pro
1059 3271 1122 3315 suo
1145 3250 1272 3314 damno

323 3350 422 3430 regni
442 3350 594 3432 provisio
613 3350 818 3416 differretur.
871 3351 930 3416 Ita
956 3351 1095 3416 tandem
1120 3370 1199 3414 cunr
1222 3351 1274 3414 la-

323 3448 474 3533 chrymis
505 3449 730 3531 adquiescens
752 3459 919 3516 coronata
940 3459 994 3515 est
1014 3450 1213 3515 solemniter
1235 3450 1273 3512 in

323 3549 490 3628 reginam,
513 3556 548 3613 et
578 3551 730 3614 omnium
762 3551 975 3628 fidelitatem,
1000 3549 1154 3615 adhibito
1172 3549 1272 3634 jura-

322 3654 450 3724 mento,
468 3649 641 3730 suscepit;
667 3656 703 3713 et
721 3648 836 3714 Guido
846 3651 900 3715 vir
915 3650 1003 3734 ejus,
1020 3650 1095 3714 sine
1111 3669 1173 3733 spe
1189 3669 1271 3713 con-

316 3745 414 3829 jugis
442 3754 477 3813 et
501 3748 610 3828 regni,
637 3748 682 3812 ad
707 3768 772 3815 sua
795 3750 947 3815 divertit.
1000 3749 1193 3822 Nuntiatur
1217 3749 1273 3812 in·

321 3852 417 3910 terea
427 3845 604 3910 Salaadini
622 3847 757 3912 hostilis
772 3849 954 3926 adventus,
965 3849 1059 3931 quod
1077 3869 1140 3913 nec
1156 3868 1271 3913 avero

355 4022 364 4055 ¹
374 4025 447 4074 Circo
458 4025 512 4074 dieo
521 4024 602 4087 intua]
618 4025 672 4074 The
684 4025 782 4075 iollow-
806 4027 920 4076 William
931 4028 960 4077 of
966 4027 1042 4090 Tyre.
1077 4026 1126 4076 See
1137 4026 1273 4091 Michaud,

319 4094 363 4160 ing
385 4098 451 4156 story
472 4095 495 4143 is
516 4096 653 4145 recounted
675 4096 730 4144 also
748 4097 782 4157 by
806 4097 834 4147 ii.
846 4113 872 4160 p.
886 4102 942 4150 ³13.

320 4162 452 4227 Hoveden,
464 4165 513 4228 aad
530 4164 573 4213 the
588 4166 746 4214 continuator
756 4166 786 4214 oi
