2820 4882
381 407 520 454 anonas
544 407 815 458 ursrorurnnu.
1010 395 1074 458 177

123 561 249 625 virtute
273 583 498 645 praesumens,
516 565 577 628 vix
603 565 771 630 ducentos
799 585 915 630 secum
940 567 1069 632 habens
1084 586 1205 626 annua

122 662 267 743 equites,
294 671 416 729 contra
442 665 559 730 hostes
585 667 756 748 prorupit,
782 666 843 729 sed
873 674 1068 732 nostrorum

120 762 278 842 paucitas
302 783 324 827 a
348 772 448 829 tauta
471 765 661 828 infidelium
682 765 902 829 multitudine
926 787 1067 850 oppres·

121 878 169 935 sa,
187 863 288 926 caesis
309 863 477 945 pluribus,
498 865 536 927 in
560 863 679 946 fugam
704 872 757 928 est
782 866 980 947 compulsa;
1008 869 1068 949 qui

121 967 234 1024 autem
252 962 400 1027 evadere
416 970 615 1046 potuerunt,
636 964 680 1027 ad
700 964 885 1028 Ramulam
904 967 1067 1048 oppidum

122 1060 371 1142 confugerunt3
406 1062 604 1127 ceciderunt
626 1063 752 1127 ibidem
781 1072 926 1148 uterque
952 1085 1067 1130 comcs

121 1158 328 1242 Stephanus
344 1163 405 1243 qui
419 1180 529 1246 nuper
549 1162 772 1239 advenerant,
795 1171 831 1226 ct
853 1163 912 1226 alii
935 1165 1067 1229 nobiles

121 1259 233 1337 multi,
251 1251 398 1343 quorum
420 1263 560 1327 nomina
583 1263 713 1344 scripta
734 1263 904 1326 habentur
922 1264 959 1327 in
978 1263 1067 1328 libro

120 1359 209 1422 vitae.
252 1360 332 1424 Rex
356 1381 449 1438 vero,
473 1361 555 1426 licet
573 1361 616 1426 de
642 1361 759 1445 oppidi
784 1364 970 1427 securitate
996 1384 1066 1428 non

120 1459 481 1538 multumconfiderct,
499 1469 627 1538 tamen,
650 1469 688 1525 ut
711 1463 831 1526 mortis
848 1462 1065 1546 dispendium

121 1557 320 1644 declinaret,
348 1559 433 1624 illud
466 1561 669 1643 ingreditur,
700 1581 796 1643 spem
827 1581 896 1625 non
934 1561 1065 1628 habens
1141 1581 1146 1590 ·

123 1656 224 1720 aliam
251 1660 444 1740 evadendi,
479 1680 625 1743 cumque
649 1660 692 1724 de
717 1661 790 1725 vita
810 1661 998 1744 desperans
1028 1663 1064 1725 iu

121 1759 270 1823 crastino
294 1767 462 1825 metueret
487 1761 531 1823 ab
549 1760 706 1823 hostibus
729 1761 890 1837 obsideri,
909 1781 989 1825 ecce
1011 1762 1064 1825 in-

122 1862 298 1939 tempestae
326 1860 438 1923 nectis
465 1859 602 1922 silentio
629 1860 741 1924 adfuit
764 1861 984 1943 supradictus
1005 1861 1064 1925 ille

121 1956 278 2039 princeps
293 1959 418 2023 nobilis
434 1957 478 2021 de
499 1956 643 2036 Arabia,
660 1960 759 2043 cujus
779 1961 892 2036 uxori,
915 1967 955 2024 ut
975 1980 1064 2042 prae·

121 2057 286 2134 misimus,
317 2078 379 2121 rex
411 2065 543 2121 tantam
576 2059 781 2123 exhibuerat
814 2059 1063 2123 humanitatem

121 2155 200 2219 dum
222 2157 259 2220 in
292 2165 395 2238 partu
417 2157 602 2234 laboraret,
635 2167 670 2223 et
696 2177 780 2223 voce
807 2177 993 2240 suppressa
1020 2159 1063 2222 iis

122 2255 178 2336 qui
207 2255 244 2318 in
274 2276 372 2321 muro
402 2264 502 2321 erant
526 2257 653 2321 siccine
679 2258 897 2341 loquebatur,
923 2256 1063 2321 ‘Verba

122 2353 254 2432 habeo,’
268 2357 392 2439 inquit,
405 2361 415 2390 ‘
426 2356 470 2420 ad
481 2376 596 2438 regem
609 2358 807 2433 secretiora,
819 2375 896 2440 quae
907 2356 1063 2439 perfero;

122 2453 222 2519 facite
238 2461 277 2519 ut
291 2456 490 2521 introducar
512 2456 556 2519 ad
575 2457 688 2538 ipsum
699 2456 721 2536 ;'
758 2457 818 2538 qui
840 2475 955 2521 coram
982 2477 1063 2539 rege

122 2553 289 2618 adductus
312 2555 454 2620 instruit
472 2576 560 2633 cum,
579 2563 619 2620 ut
638 2555 681 2619 de
703 2556 829 2638 oppido
854 2556 1062 2638 egrediatur,

121 2655 323 2735 promittens
352 2673 484 2732 secure,
513 2655 606 2736 quod
636 2656 750 2742 ipsum
781 2656 845 2718 sub
865 2663 955 2720 'tuto
983 2675 1064 2720 con-

121 2754 251 2831 stituet,
279 2756 309 2818 si
334 2755 409 2819 sine
439 2754 591 2819 tumultu
621 2762 726 2819 exeat
751 2761 787 2818 ct
813 2774 891 2819 cum
922 2756 1062 2837 paucis3

122 2854 298 2919 consilium
341 2855 431 2918 enim
463 2855 615 2919 inierant
647 2853 794 2931 ArabeS,
829 2862 868 2919 ut
903 2862 1063 2932 testatur,

122 2953 212 3036 quod
229 2973 363 3019 summo
377 2954 528 3018 diluculo
551 2961 702 3018 castrum
724 2953 873 3019 debeant
894 2954 1062 3020 obsidere.

122 3051 344 3138 Tandemque
373 3073 533 3137 egressus
559 3074 621 3118 rex
643 3074 732 3117 cum
760 3055 892 3136 paucis,
916 3055 1062 3118 amicum

121 3171 279 3235 sequens,
301 3155 346 3218 ad
368 3162 534 3220 montana
557 3153 779 3233 conscendit;
802 3156 849 3216 'at
870 3154 922 3218 vir
939 3153 1063 3216 nobilis

120 3251 188 3330 ille,
203 3254 248 3316 ab
265 3272 307 3316 eo
327 3253 534 3336 digrediens,
559 3260 790 3336 opportunum
812 3251 887 3332 regi
911 3259 1064 3333 tompore

122 3371 273 3436 congruo
299 3354 456 3435 promisit
482 3353 703 3436 obsequium3
735 3371 797 3415 rex
819 3370 902 3414 vero
929 3350 1063 3414 duobus

121 3451 222 3517 sociis
237 3453 423 3516 comitatus
443 3472 504 3534 per
521 3452 650 3515 medias
670 3450 820 3514 hostium
837 3450 980 3513 insidias
995 3447 1063 3512 As-

121 3570 305 3634 surasque
325 3553 492 3634 pervenit,
514 3552 573 3615 ubi
592 3572 614 3616 a
635 3551 707 3615 suis
731 3550 921 3631 gaudenter
940 3568 1065 3630 excep-

121 3659 176 3715 tus
205 3657 260 3715 est
288 3658 323 3715 et
345 3659 484 3733 sumpto
508 3652 638 3715 cibario
661 3649 889 3715 confortatus.
933 3647 1064 3712 Hostes

121 3757 247 3827 autem,
261 3751 407 3815 victoria
424 3751 539 3832 potiti,
562 3752 598 3813 in
621 3750 771 3814 crastino
797 3747 982 3813 Ramulam
1004 3748 1065 3811 ob·

119 3850 302 3931 sederunt3
341 3870 447 3933 quam
470 3849 638 3914 violenter
667 3849 904 3932 subjugantes
936 3846 1065 3922 fideleS,

120 3951 177 4032 qui
200 3951 237 4013 in
254 3949 415 4032 praesidio
435 3956 547 4026 erant,
568 3949 695 4031 partim
714 3944 837 4031 [ncci],
854 3947 977 4029 partim
993 3953 1065 4010 tra-

120 4049 281 4114 diderunt
309 4057 345 4114 et
373 4056 551 4134 perpetuae
576 4047 746 4112 servituti.
798 4046 906 4111 Venit
934 4047 1067 4110 interea

121 4150 229 4231 Hugo
249 4148 292 4214 de
308 4149 437 4214 Sancto
456 4147 664 4223 Audemaro,
686 4148 742 4210 cui
768 4166 831 4210 rex
849 4145 990 4211 dederat
1011 4166 1068 4209 ur·

169 4265 250 4313 voi..
269 4265 310 4312 11.
738 4296 741 4299 -
892 4262 917 4309 Ν
