2820 4882
342 387 409 454 394
592 402 736 453 rocam·
751 402 800 450 nn
824 400 1035 450 wnrinovna·

182 581 323 624 aanor:
344 568 454 643 geret.
506 559 643 625 Adbuc
661 559 722 623 iilo
754 569 940 642 pauperem
967 558 1004 621 in
1035 556 1127 622 hunc
1156 555 1297 621 modum

181 633 331 734 mabit
344 660 570 737 convitiante,
596 666 643 729 et⁴
663 679 743 730 ecce
771 665 919 741 utroque
946 657 1053 723 fundo
1077 657 1160 723 dolii
1187 658 1298 740 impe·

345 763 445 826 tuose
464 760 598 836 evulso,
620 759 657 822 in
680 757 797 841 platea
821 758 968 823 cervisia
987 757 1209 835 fundebatur,
1229 759 1298 830 sic·
1382 809 1387 816 .

345 880 413 944 que
430 859 641 936 factumest,
659 866 700 948 ut
724 857 825 947 cujus
846 857 1113 946 portiunculam,
1133 857 1298 942 martyris

345 944 483 1026 nomine
524 963 653 1043 spreto,
672 948 886 1039 negaverat,
910 962 1130 1040 procurante
1158 964 1296 1034 sancto,

344 1070 416 1125 'non
436 1060 549 1125 solum
574 1077 707 1141 pauper
727 1058 798 1136 iile,
821 1057 881 1123 sed
900 1064 936 1121 et
951 1057 1011 1121 alii
1025 1057 1126 1121 multi
1140 1076 1220 1120 cum
1241 1076 1297 1134 eo,

346 1161 428 1224 fixis
453 1161 641 1224 interram
663 1158 819 1240 genibus,
844 1156 1063 1234 sufficienter,
1088 1156 1186 1220 nullo
1215 1176 1297 1240 pro-

345 1261 497 1338 bibente,
513 1265 686 1342 potarent.
722 1257 899 1341 Repressa
911 1256 1030 1338 igitur,
1047 1263 1200 1340 martyre
1215 1276 1296 1340 pro-

345 1368 500 1437 curante,
514 1377 766 1440 ·pcrversorum
791 1358 959 1440 nequitia,
982 1356 1121 1422 devotio
1140 1356 1293 1421 fidelium

344 1461 468 1543 recipit
485 1459 577 1542 quod
598 1465 770 1538 meretur3
798 1477 879 1520 nam
904 1458 1015 1522 tribus
1038 1457 1213 1521 continuis
1233 1458 1294 1538 qui

344 1560 577 1642 sequebantur
591 1559 712 1622 diebus
726 1558 843 1622 decem
862 1557 1043 1640 utriusque
1060 1575 1167 1620 sexus
1183 1556 1295 1621 homi-

345 1679 407 1724 ues
431 1678 453 1723 a
474 1658 620 1722 diversis
643 1658 913 1734 infirmitatibus,
939 1655 983 1720 ad
1007 1656 1145 1721 laudem
1167 1657 1237 1721 Dei
1260 1664 1297 1748 et

344 1760 437 1824 beati
453 1758 626 1842 martyris,
640 1764 844 1840 receperunt
859 1756 1042 1841 pristinam
1056 1757 1255 1822 sanitatem.

393 1931 443 1996 De
456 1929 625 1995 inventione
638 1931 741 1996 cuncti
754 1929 942 2015 Ampdibob'
955 1953 1024 1998 cam
1039 1953 1142 1998 mrem
1156 1932 1248 1997 sociis

781 2051 857 2095 rurs.

349 2226 351 2230 ,
395 2141 616 2218 clarescente
641 2152 779 2218 interim
804 2154 872 2231 die,
896 2174 999 2236 quem
1021 2164 1221 2222 sanctorum
1244 2157 1296 2222 in-

344 2254 462 2318 ventio
480 2254 717 2332 consecrabat,
735 2254 943 2324 venerabilis
968 2263 1069 2358 pqter
1094 2257 1214 2322 Simon
1234 2260 1297 2322 ab·

345 2355 408 2417 bas
437 2353 552 2431 locum
577 2353 663 2418 adiit
690 2354 958 2433 sanctissimum,
983 2362 1020 2420 et
1046 2357 1230 2422 celebratis
1258 2359 1296 2422 in

344 2454 480 2536 capella
495 2454 608 2517 sancti
624 2451 648 2516 J
651 2455 762 2531 acobi,
777 2453 855 2518 loco
870 2455 922 2518 illi
939 2457 1116 2538 contiguo,
1139 2458 1176 2521 in
1190 2478 1294 2522 vene·

345 2554 515 2618 rationem
528 2553 621 2618 beati
643 2555 806 2638 martyris
821 2553 963 2633 Albani,
986 2564 1116 2622 nostrae
1139 2558 1296 2641 redemp-

344 2653 448 2720 tionis
470 2653 655 2737 mysteriis,
678 2654 869 2731 monachis,
891 2655 951 2737 qui
977 2656 1133 2734 aderant,
1155 2665 1195 2722 ut
1216 2658 1295 2722 dili·

344 2760 686 2834 genter-quaererent,
700 2762 736 2819 et
752 2754 908 2837 pluribus
925 2755 1089 2820 adhibitis
1104 2758 1295 2824 fossoribus

344 2860 384 2917 ut
406 2854 531 2935 coeptis
555 2853 766 2933 insisterent,
782 2854 976 2938 imperavit.
1029 2855 1160 2922 Fuerat
1176 2866 1294 2924 autem

343 2941 478 3036 capella
502 2954 564 3017 illa
591 2953 783 3036 antiquitus
804 2955 841 3018 in
867 2955 1033 3020 honorem
1055 2958 1220 3043 martyris
1242 2958 1297 3023 t'a-

344 3054 478 3118 bricata
501 3059 644 3136 propter
662 3053 860 3136 frequentes
883 3055 1031 3120 caelestis
1055 3056 1170 3122 radios
1192 3057 1295 3137 lucis,

344 3154 405 3235 qui
420 3154 618 3237 pastoribus
632 3153 771 3236 vigilias
787 3155 900 3219 noctis
914 3175 1019 3238 super
1031 3176 1175 3238 -gregem
1192 3176 1293 3222 suum

344 3245 528 3334 agentibus
544 3254 670 3317 ibidem
685 3262 940 3337 apparuerant3
974 3255 1065 3320 unde
1091 3256 1206 3321 dictus
1229 3261 1292 3323 ab·

343 3355 418 3431 bas,
433 3355 470 3418 in
492 3353 611 3418 eodem
634 3354 710 3441 loco
725 3354 843 3418 divina
864 3355 1041 3420 celebrans
1061 3365 1293 3438 sacramenta,

344 3472 448 3536 super
470 3452 617 3518 instanti
643 3455 784 3536 negotio
812 3454 906 3519 beati
931 3457 1094 3539 martyris
1122 3458 1293 3524 auxilium

343 3553 553 3636 imploravit.
617 3552 774 3618 Reverso
797 3555 917 3639 itaque
946 3556 1086 3621 domum
1108 3559 1236 3623 abbate
1258 3569 1294 3626 et

339 3653 415 3737 jam
442 3672 521 3716 cum
549 3660 722 3718 conventu
747 3654 792 3717 ad
816 3656 999 3738 prandium
1024 3656 1178 3734 sedente,
1200 3659 1295 3742 lege·

343 3755 446 3821 batur
464 3753 581 3835 passio
598 3755 692 3818 beati
708 3755 884 3837 martyris,
907 3776 1010 3840 quem
1026 3759 1241 3840 quaerebant,
1256 3767 1293 3825 et

343 3854 516 3918 sociorum
534 3853 622 3936 ejus,
640 3841 702 3936 per
721 3873 824 3936 quam
849 3856 963 3919 carnis
985 3857 1164 3940 ergastulo
1187 3861 1294 3926 soluti

343 3961 607 4037 promeruerunt
618 3954 764 4035 gloriam
778 3957 1037 4038 sempiternam.
1075 3958 1170 4022 Dum
1186 3959 1296 4041 igitur

342 4054 478 4118 saevitia
505 4053 646 4137 judicis,
678 4055 836 4119 lictorum
863 4056 1073 4135 immanitas,
1099 4067 1292 4143 martyrum

342 4154 521 4236 patientia,
537 4161 573 4226 et
590 4175 682 4220 mors
698 4156 869 4239 prolixius
886 4158 1032 4223 recitata
1056 4158 1134 4243 pias
1158 4168 1293 4227 mentes
