2820 4882
424 429 564 478 neonus
588 430 858 481 nrsronrnnuu,
1072 419 1116 483 13

159 587 336 650 manniam
359 587 532 649 transiens
559 587 595 648 in
620 606 723 649 manu
754 588 888 668 potenti
913 588 978 651 sibi
1002 587 1113 653 Ceno·
1129 610 1251 670 epaon.

159 686 337 749 manniam
363 687 585 770 subjugavit3
610 687 669 750 sed
687 686 795 768 Angli
820 689 855 750 in
881 688 946 750 hac
972 689 1114 770 expedi·
1128 659 1233 759 diiii.

158 787 266 862 tione,
284 789 399 863 urbeS,
417 789 511 851 vicos
528 794 563 850 et
579 781 716 851 ¹vineas
732 807 809 850 cum
827 787 985 868 frugibus
1003 809 1114 871 popu·
1128 761 1209 800 m*

159 886 286 964 lauteS,
303 906 439 950 omnem
456 887 670 969 provinciam
688 887 886 951 debiliorem
905 889 1014 952 multo
1034 898 1114 971 post

158 993 315 1069 tempore
338 987 562 1050 reddiderunt
581 1008 590 1066 ;
619 987 753 1062 deinde,
774 989 861 1050 bene
884 989 1043 1051 omnibus
1066 989 1114 1051 ihi

158 1086 350 1169 dispositis
366 1087 410 1149 ad
427 1086 591 1168 Angliam
612 1085 861 1151 transfretavit.
916 1088 959 1150 In
979 1088 1045 1151 hoc
1067 1087 1113 1150 si·

159 1187 299 1267 quidem
323 1207 427 1262 anno,
450 1180 601 1250 ²duobus
625 1188 724 1249 annis
745 1189 881 1269 magnis
906 1188 1072 1251 revolutis
1092 1208 1113 1251 a

158 1288 283 1367 quinto
308 1286 440 1350 decimo
466 1307 556 1350 anno
578 1287 708 1350 Tiberii
730 1285 891 1364 Caesaris,
914 1288 1030 1351 omnia
1060 1307 1113 1351 se-

158 1387 310 1449 cundum
341 1406 479 1450 cursum
517 1388 601 1452 solis
633 1394 669 1450 et
698 1386 789 1449 lunae
820 1387 1029 1451 concordant
1062 1388 1112 1450 illi

158 1505 263 1563 anno,
286 1506 355 1569 quo
378 1488 575 1568 baptizatus
604 1495 657 1549 est
674 1485 833 1549 Christus
848 1485 966 1562 Jesus,
988 1488 1022 1550 id
1046 1495 1111 1565 est,

157 1594 285 1650 octavo
309 1587 388 1649 idus
411 1585 572 1649 Januarii
594 1586 649 1648 die
673 1586 878 1668 Epiphaniae
902 1594 938 1650 et
960 1587 1015 1650 die
1039 1587 1112 1651 Do-

158 1687 298 1760 minica,
313 1687 449 1750 initium
460 1686 587 1769 jejunii
603 1687 678 1769 ejus
694 1687 730 1748 in
751 1685 904 1749 secunda
921 1686 1018 1763 seria,
1035 1696 1111 1750 ten-

157 1788 246 1851 tatio
276 1787 351 1871 ejus
375 1786 507 1850 decimo
531 1787 652 1868 quinto
678 1785 845 1850 kalendas
868 1786 1001 1863 Martii,
1026 1787 1112 1850 feria

156 1895 287 1965 sexta3
321 1887 425 1950 habet
454 1893 570 1950 autem
594 1905 744 1967 magnus
775 1905 886 1951 annus
917 1887 1004 1968 cycli
1031 1906 1111 1968 pas·

155 1986 267 2049 chalis
284 1987 397 2050 decies
411 1987 531 2051 novies
549 1987 799 2067 annosviginti
815 1994 905 2062 octo,
924 1987 984 2068 qui
1007 1987 1110 2049 simul

152 2086 269 2169 juncti
286 2087 419 2150 faciunt
435 2105 543 2149 annos
559 2087 768 2168 quingentos
785 2086 929 2166 triginta
945 2085 1044 2149 duos

371 2260 419 2322 De
434 2259 581 2323 seandalo
597 2260 632 2323 iu
646 2259 771 2323 ecelesia
788 2269 899 2324 enemo.

208 2382 313 2447 Anno
330 2385 472 2449 Domini
490 2402 650 2450 dcxxiv,
669 2385 860 2468 Gregorius
883 2387 973 2450 sedit
994 2386 1029 2449 in
1052 2405 1110 2451 ca·
1123 2403 1177 2442 A-D·
1189 2403 1245 2443 ¹⁰⁷4·

155 2484 281 2547 thedra
304 2484 465 2548 Romana
492 2487 591 2549 annis
615 2486 806 2564 duodecim,
832 2506 948 2551 mense
972 2508 1042 2552 uno
1075 2454 1213 2552 etffoeuurfcrffl

155 2585 268 2647 tribus
285 2584 417 2649 diebus.
470 2585 542 2650 Iste
560 2606 654 2671 papa
669 2587 704 2649 in
719 2581 869 2668 ³synodo
888 2589 1042 2668 generali
1063 2590 1110 2651 si·

154 2686 334 2749 moniacos
349 2688 674 2762 excommunicavit,
692 2696 859 2751 uxoratos
875 2689 1072 2752 sacerdotes
1089 2707 1111 2750 a

156 2784 276 2848 divino
293 2787 440 2850 removit
457 2784 567 2850 officio
585 2794 620 2850 et
640 2787 738 2849 laicis
761 2788 883 2850 missas
906 2807 1024 2852 eorum
1048 2807 1110 2850 au·

155 2885 231 2947 dire
245 2885 436 2962 interdixit,
455 2907 545 2950 novo
561 2887 722 2969 exemplo
739 2893 785 2962 et,
803 2894 842 2949 ut
859 2888 977 2950 multis
996 2888 1108 2951 visum

156 2991 222 3061 est,
242 2985 497 3049 inconsiderato
515 2986 659 3069 judicio,
682 2994 803 3050 contra
826 2995 1024 3051 sanctornm
1047 3007 1109 3069 pa-

156 3091 251 3147 trum
285 3087 503 3162 sententiam,
531 3087 590 3168 qui
617 3087 840 3169 scripserunt,
870 3088 961 3169 quod
993 3107 1109 3153 sacra.-

157 3190 287 3260 menta,
306 3204 383 3266 quae
406 3185 441 3247 in
464 3186 610 3248 ecclesia
632 3186 732 3262 fiunt,
747 3188 931 3268 baptisma,
949 3186 1109 3262 chrisma,

158 3304 285 3366 corpus
304 3282 433 3347 Christi
448 3292 483 3348 et
498 3287 651 3367 sanguis
670 3285 801 3367 Spiritu
816 3286 1036 3349 invisibiliter
1052 3305 1110 3348 co·

156 3393 335 3466 operante,
349 3386 532 3449 eorundem
546 3394 841 3449 sacramentorum
855 3385 1013 3449 effectum
1031 3385 1109 3467 [ha-

156 3485 293 3565 beant],
309 3504 369 3548 seu
387 3505 449 3568 per
460 3487 580 3562 bouoS,
595 3505 656 3548 seu
671 3506 733 3568 per
749 3487 858 3550 malos
870 3487 962 3549 intra
976 3485 1044 3548 Dei
1055 3505 1111 3548 ec-

156 3585 298 3648 clesiam
317 3585 579 3667 dispensentur3
606 3592 721 3648 tamen
740 3586 823 3667 quia
840 3586 989 3668 Spiritus
1006 3584 1113 3648 Sanc-

193 3811 200 3840 ¹
222 3811 347 3874 Vineam]
366 3812 440 3860 ‘laid
459 3819 539 3862 waste
556 3813 622 3861 their
647 3811 770 3862 ‘Grande
782 3812 926 3872 Chronique
938 3811 970 3860 de
982 3811 1109 3860 Matthieu

157 3884 303 3944 vineyards,
321 3883 371 3930 aud
388 3883 485 3931 burred
502 3883 567 3931 their
585 3884 620 3932 ci·
648 3883 737 3942 Paris;
758 3897 805 3943 par
816 3881 1083 3932 Huitlard-Brtholles
1094 3878 1109 3942 ;’

157 3953 225 4003 ties!
261 3953 322 4001 Sax.
335 3952 428 4002 Chron.
648 3954 816 4012 Paris,184⁰.

191 4021 396 4072 ²Duobusunuis
406 4017 525 4089 mugnis]
544 4023 619 4083 Upon
682 4020 799 4085 ³Spnodo
819 4023 950 4084 gnreroli;
968 4022 979 4085 ]
1002 4021 1062 4070 held
1084 4027 1110 4069 at

157 4093 208 4142 this
219 4107 339 4154 passage,
350 4091 401 4140 and
411 4091 453 4140 the
465 4107 532 4141 error
541 4092 570 4140 of
578 4093 619 4141 the
647 4092 734 4142 Rome.
768 4093 821 4142 Τὶιθ
836 4093 1000 4155 proceedings
1017 4093 1046 4140 of
1059 4091 1110 4139 this

158 4163 300 4225 Dionysian
311 4163 382 4222 eycle
393 4163 493 4211 noticed
503 4163 585 4211 below
594 4163 619 4210 iu
647 4163 746 4212 council
757 4177 800 4211 ore
817 4164 917 4225 printed
934 4165 967 4224 by
980 4161 1110 4221 Harduin,

159 4237 231 4295 1076,
243 4248 286 4282 see
297 4236 352 4280 note
364 4229 382 4293 ¹,
389 4237 416 4281 at
426 4231 468 4281 the
480 4233 528 4282 end
539 4232 568 4281 of
577 4232 619 4281 the
646 4233 681 4283 vi.
693 4234 741 4282 col.
755 4237 827 4284 lsai.
