2820 4882
385 419 524 468 cuorus
548 417 817 467 ursronrnnuu.
1006 398 1072 464 387

120 582 179 640 tur
193 575 364 652 alterutri,
379 595 443 639 nec
458 574 655 659 quicquam,
669 594 738 658 quo
752 575 866 638 miuus
880 575 1071 639 restitutio·
1083 590 1138 632 en·
1148 590 1220 632 ιινσ.4

120 695 183 740 nes
205 695 294 760 quas
318 676 484 758 petebant
506 675 673 738 faciendae
698 681 825 752 essent,
850 675 1071 757 allegaretur,

119 776 312 858 plenariam
339 775 477 857 utrique
503 775 594 857 parti
619 775 907 857 supradictorum,
932 775 1071 858 quaein

117 875 198 959 jure
219 875 331 958 petite
352 882 465 951 eraut,
493 875 747 939 restitutionem
775 874 975 958 judicavit;
1009 875 1071 938 ad-

117 975 240 1058 junxit
258 975 375 1048 etiam,
395 982 538 1056 treugas
555 973 720 1056 praefatas
738 973 906 1038 intereos
926 974 993 1038 fide
1015 974 1071 1037 fir-

122 1081 236 1138 matas
252 1094 362 1158 usque
379 1074 423 1137 ad
440 1073 668 1138 coustitutum
682 1073 867 1139 terminum
884 1093 961 1138 esse
980 1074 1071 1137 invi·

122 1173 295 1238 olabiliter
313 1174 568 1254 observandas3
590 1173 763 1258 judicavit
780 1174 885 1237 etiam
900 1192 965 1255 pro
979 1174 1071 1238 bono

122 1275 231 1356 pacis,
253 1281 293 1338 ut
316 1293 380 1337 rex
396 1271 615 1338 *Aldefonsus
640 1273 747 1337 donet
773 1272 961 1338 liberaliter
984 1272 1073 1337 San·-

121 1374 178 1438 oio
200 1374 275 1455 regi
297 1374 444 1456 singulis
467 1374 568 1437 annis
590 1391 702 1455 usque
720 1371 764 1436 ad
781 1373 985 1436 decennium
1004 1373 1073 1436 tria

122 1473 231 1538 millia
252 1473 559 1551 marabotinorum,
574 1478 611 1537 e't
627 1473 677 1537 sic
698 1491 820 1554 pacem
842 1472 1071 1538 haberentad

121 1573 269 1639 invicem
294 1580 330 1638 et
350 1580 553 1656 perpetuam
575 1571 737 1637 amicitioe
757 1571 968 1638 firmitatem.
1029 1571 1074 1635 Iu

122 1673 251 1738 eisdem
274 1692 360 1738 sene
384 1673 505 1736 diebus
528 1673 641 1736 nuntii
663 1672 852 1750 Manuelis,
872 1672 1073 1737 Constanti·

122 1773 317 1856 nopoutmi
336 1772 565 1855 imperatoris,
582 1772 695 1835 nuntii
716 1771 867 1849 Romani
886 1773 1074 1854 imperato·

122 1873 171 1937 ris
192 1873 379 1951 Frederici,
395 1873 509 1937 nuntii
526 1872 707 1948 Willelmi,
724 1871 947 1936 Treverensis
962 1870 1074 1934 archi·

123 1974 289 2057 episcopi,
313 1973 425 2037 nuntii
450 1972 608 2049 Henrici,
636 1972 736 2036 ducis
759 1971 935 2049 Saxonici,
961 1972 1074 2034 nuntii

125 2073 348 2138 Flandreusis
372 2073 508 2136 comitis
541 2071 707 2154 Philippi,
729 2089 818 2155 quos
839 2071 937 2135 varia
958 2070 1075 2134 trehe-

124 2174 209 2238 bant
235 2173 388 2255 negotia,
407 2180 573 2256 tanquam
600 2191 645 2236 ex
668 2171 840 2247 condicto,
863 2169 972 2253 pridie
996 2170 1075 2233 idus

124 2273 335 2338 Novembris
357 2274 393 2336 in
415 2273 511 2337 curia
531 2271 624 2354 regis
646 2269 841 2354 Anglorum
860 2269 962 2333 simul
982 2269 1074 2352 apud

124 2373 473 2438 Westmonasterium
500 2378 758 2450 convenerunt3
787 2371 862 2434 hoec
888 2368 966 2433 ideo
990 2369 1076 2433 dici·

125 2492 215 2551 mus,
231 2481 272 2537 ut
293 2479 414 2536 notum
433 2471 481 2537 sit
499 2472 672 2548 omnibus,
694 2477 836 2554 quantae
861 2489 924 2534 rex
948 2468 1077 2533 Henri-

126 2593 189 2637 cus
216 2572 397 2656 sapientiae
427 2572 533 2636 fuerit
561 2577 770 2655 quantaeque
797 2569 1076 2652 magnificentiae,

125 2673 170 2737 ad
185 2674 285 2759 cnjus
300 2673 512 2737 audientiam
534 2669 643 2735 totius
664 2670 736 2735 lere
758 2671 852 2735 orbis
873 2669 1019 2734 consilia
1040 2678 1076 2734 et

126 2775 233 2839 dubia
248 2774 444 2856 principum
459 2770 675 2836 discutienda
685 2770 818 2855 judicia
832 2775 1074 2854 pervenerunt.

164 2947 213 3012 De
226 2945 387 3011 remotiores
399 2943 439 3011 ab
455 2944 580 3011 echeis
597 2944 635 3010 de
655 2942 814 3009 Woltdom
828 2945 1045 3008 moedorum

500 3044 698 3110 aeschrione.
766 3045 770 3053 '

178 3169 284 3236 Anno
309 3170 451 3236 Domini
480 3167 841 3247 ucnxxv11.,amotis
865 3168 909 3232 ab
932 3167 1078 3232 ecclesia
1089 3192 1145 3233 in.
1156 3189 1213 3231 1177.

127 3270 405 3340 Walthamhensi
421 3270 610 3348 canonicis,
626 3263 730 3353 ¹quos
749 3268 922 3333 seculares
938 3266 1078 3346 vocant,
1090 3242 1208 3332 mla

127 3371 316 3438 introducti
330 3379 411 3435 sunt
426 3370 603 3453 regulares
622 3369 829 3434 auctoritate
851 3368 976 3432 summi
993 3387 1077 3450 pon-
1090 3341 1228 3432 d‘ffim

129 3473 232 3538 tiliois
260 3472 296 3535 in
332 3470 453 3552 vigilie
489 3469 726 3546 Pentecostes,
756 3487 838 3550 rege
871 3473 1078 3550 procurante

130 3573 286 3638 Henrico
303 3577 339 3636 et
355 3576 550 3654 preeseute;
574 3577 610 3635 et
636 3568 755 3634 eodem
778 3568 834 3632 die
858 3567 1079 3651 Radulphus,

130 3671 358 3739 (licestrensis
391 3671 589 3747 canonicus,
618 3668 661 3734 de
692 3687 797 3732 manu
827 3667 1078 3732 Londonieusis

128 3772 283 3858 episcopi
319 3790 437 3835 curam
470 3769 625 3834 ecclesiae
664 3768 839 3853 praedictae
875 3768 1079 3851 suscipiens,

129 3873 197 3957 ipsi
222 3879 389 3956 tauquam
408 3870 592 3935 diocesano
614 3870 657 3933 de
678 3869 845 3934 canonica
866 3868 1080 3952 subjectione

128 3972 301 4037 servande
315 3970 430 4037 verbis
452 3989 490 4035 se
509 3969 678 4052 obligavit
697 3986 873 4052 expresse,
893 3975 940 4045 et,
961 3968 1079 4032 fratri·

134 4187 139 4215 2
156 4151 502 4224 immanissimorum]
514 4155 523 4184 ‘
530 4155 592 4217 quie
618 4154 722 4216 quidem
734 4153 847 4216 ipsorum
857 4152 998 4203 habuerant
1006 4147 1025 4214 3'
1033 4153 1084 4202 Di-

129 4230 257 4280 licentiam
268 4228 343 4278 nimis
354 4241 444 4290 regern
461 4226 488 4274 in
505 4225 591 4281 seculo
618 4223 743 4286 ceto‚col.
755 4227 813 4273 598.
896 4297 978 4343 2c²
