2820 4882
172 596 225 637 Ab.
233 594 245 635 'l
250 595 292 635 167.

171 649 255 687 Letters

174 698 197 735 ol
204 696 283 735 necnec

172 747 301 786 maheru.

177 1899 232 1938 ab.
243 1899 300 1937 llos.

177 1949 223 1988 The
231 1948 284 1996 king

177 2002 200 2038 to
210 1999 246 2037 the
254 1996 313 2036 areb·

176 2048 250 2097 bluhop
259 2047 283 2086 ol

177 2098 276 2146 Cologne.

327 405 393 471 322
577 420 709 470 noorai
734 422 782 468 nn
804 418 1014 470 wnuoovnu

330 587 497 644 sacratus.
553 579 681 644 Eodem
715 570 834 662 itaque
864 568 1019 661 tempore
1049 577 1162 642 effecti
1197 566 1280 639 suut

331 679 505 743 discordes
527 699 628 762 reges
652 680 866 743 Francorum
893 684 931 742 et
952 677 1160 760 Anglorum,
1189 675 1281 738 unde

333 779 582 844 Calvus-mons
612 778 769 842 Gizortio
799 777 934 843 vicinus
965 795 1153 841 succensus
1183 781 1238 838 est
1260 792 1282 836 a

333 878 557 956 Normannis,
590 880 684 960 capti
711 884 794 941 sunt
820 877 946 940 milites
973 876 1075 940 multi
1100 882 1137 939 et
1160 874 1278 951 cives3

334 977 395 1041 sed
418 976 454 1039 in
475 977 570 1040 illius
593 977 643 1041 rei
664 977 829 1041 ultionem
854 995 916 1039 rex
933 976 1145 1040 Francorum
1159 973 1280 1037 villam

333 1074 516 1140 Andeliaci
552 1077 753 1152 combussit,
790 1082 825 1138 et
860 1075 937 1157 ipso
973 1075 1028 1138 die
1058 1090 1218 1138 reversus
1244 1071 1282 1132 iu

337 1175 520 1238 Franciam
554 1175 737 1257 plusquam
767 1168 861 1236 mille
897 1173 941 1236 de
974 1174 1048 1237 suis
1084 1173 1121 1235 in
1158 1172 1283 1235 itinere

336 1274 464 1350 amisit,
497 1281 536 1338 et
569 1295 638 1338 non
665 1273 774 1349 multo
805 1278 885 1355 post
908 1273 945 1335 in
973 1291 1066 1355 pago
1087 1271 1282 1334 Perticensi

336 1373 463 1436 milites
485 1371 586 1437 multi
608 1374 651 1437 de
673 1379 777 1455 gente
801 1372 1014 1434 Francorum
1036 1369 1130 1452 capti
1156 1375 1240 1432 sunt
1263 1388 1284 1431 a

336 1471 559 1535 Normannis.

410 1642 526 1705 Litora
541 1644 621 1728 repis
635 1643 769 1723 Haurici
783 1643 829 1706 ud
843 1641 1064 1728 Reyluoldwm,
1082 1639 1212 1705 Colchica
1248 1726 1251 1730 ⁴

450 1738 454 1743 .
527 1747 530 1753 ,
669 1738 939 1826 mmmm.
1216 1735 1219 1740 .

387 1861 493 1928 Anno
504 1863 645 1928 Domini
664 1880 845 1928 ucnxvur.
864 1862 1052 1941 Henricus,
1072 1883 1135 1926 rex
1150 1860 1285 1945 Anglo·

338 1983 427 2040 rum,
449 1971 563 2028 motus
589 1971 711 2028 contra
733 1980 874 2046 papam-
887 1962 1124 2027 Alexandrum
1149 1952 1202 2024 ex'
1220 1962 1286 2025 hoc

338 2062 430 2145 quod
447 2061 857 2139 Thomae,Gantuariensi
873 2062 1144 2144 archiepiscopo,
1157 2051 1288 2143 prima-⁴

339 2168 413 2226 tum'
428 2163 526 2243 regni
542 2160 681 2243 Angliae
695 2162 935 2238 concessisset,
955 2160 1164 2242 Reginaldo,
1179 2149 1288 2225 schisss

339 2261 466 2324 matico
490 2260 689 2325 Coloniensi
714 2261 974 2343 archiepiscopo
999 2267 1036 2324 et
1063 2259 1155 2324 hosti
1182 2269 1288 2342 papae¹

338 2360 490 2441 publico,
512 2360 631 2423 literas
650 2360 689 2422 in
708 2358 783 2423 haec
799 2361 906 2424 verba
922 2358 1070 2438 direxit3
1093 2353 1120 2394 ¹‘
1132 2358 1204 2424 Diu
1224 2359 1285 2421 de·

339 2457 488 2522 sideravi
508 2459 641 2541 justam
667 2458 794 2522 babere
817 2459 1032 2522 occasionem
1053 2457 1237 2521 recedendi
1264 2475 1287 2520 a

339 2575 433 2638 papa
457 2555 660 2626 Alexandro
682 2563 719 2620 et
741 2575 763 2620 a
783 2557 923 2639 perfidis
944 2556 1177 2620 cardinalibus
1195 2556 1286 2646 ejus,

339 2655 399 2736 qui
424 2655 635 2736 proditorem
656 2674 770 2719 meum
793 2655 976 2732 Thomam,
1001 2654 1287 2719 Cantuariensem

339 2752 646 2835 archiepiscopum,
668 2761 790 2818 contra
814 2773 870 2818 me
899 2761 1123 2818 manutenere
1154 2773 1287 2837 praesu-

340 2859 460 2930 munt;
491 2852 582 2915 unde
608 2872 686 2915 cum
713 2853 857 2917 consilio
881 2854 1050 2917 baronum
1075 2871 1229 2916 meorum
1250 2861 1288 2917 et

339 2950 434 3028 cleri,
449 2969 594 3032 magnos
610 2951 702 3016 viros
712 2952 755 3014 de
764 2971 872 3032 regno
886 2970 976 3028 meo,
985 2944 1285 3034 archiepiscopum

338 3049 469 3114 scilicet
490 3049 754 3127 Eboracensem,
779 3051 978 3133 episcopum
998 3047 1288 3130 Londoniensem,

339 3148 615 3213 archidiaconum
635 3149 890 3227 Pictavensem‚
908 3149 1122 3214 Richardnm
1135 3149 1179 3213 de
1189 3150 1290 3227 Luci,

338 3246 361 3310 J
364 3245 537 3311 ohannem
549 3248 591 3312 de
608 3247 759 3325 oxonia,
775 3248 925 3313 Romam
940 3250 1106 3313 missurus
1121 3268 1210 3326 sum,
1226 3251 1288 3332 qui

337 3347 473 3427 publice
493 3345 759 3423 denuntiabunt,
783 3355 819 3412 et
835 3347 1016 3412 manifeste
1033 3368 1078 3412 ex
1094 3356 1195 3431 parte
1210 3367 1289 3412 mea

337 3450 373 3507 et
388 3447 496 3510 totius
511 3446 609 3527 regni
622 3445 763 3527 Angliae
784 3454 820 3511 et
842 3447 994 3511 omnium
1015 3447 1162 3510 aliarum
1177 3453 1289 3511 terra·

338 3562 412 3605 rum
440 3563 528 3626 quas
551 3545 662 3608 habco
679 3544 879 3628 ‘proponent
901 3565 1002 3629 papae
1025 3544 1229 3610 Alexandro
1252 3555 1288 3611 ct

338 3642 570 3707 cardinalibus
592 3643 681 3726 ejus,
704 3664 748 3707 ne
770 3645 916 3708 ulterius
938 3645 1148 3726 proditorem
1171 3665 1286 3709 meum

337 3749 596 3818 manuteneant,
615 3743 674 3805 sed
692 3741 743 3806 ita
757 3743 905 3808 liberent
919 3763 975 3807 me
992 3745 1036 3807 ab
1054 3763 1107 3820 eo,
1122 3750 1163 3807 ut
1178 3745 1287 3808 alium

336 3841 465 3920 possim
491 3860 568 3905 cum
596 3841 740 3906 consilio
762 3842 845 3906 cleri
871 3842 1054 3907 instituere
1078 3843 1115 3906 in
1140 3844 1289 3907 ecclesia

371 4033 467 4100 ¹Diu.]
496 4040 603 4090 Priuted
624 4048 739 4104 amcngst
756 4044 799 4093 the
826 4045 990 4107 application,
1002 4044 1044 4094 the
1055 4045 1169 4104 mirsion,
1179 4047 1291 4107 hemely,

333 4105 429 4166 letters,
441 4107 485 4158 lib.
497 4110 515 4159 i.
526 4125 567 4171 ep.
578 4112 642 4160 lxix.
652 4129 659 4172 ς
676 4112 761 4162 where
776 4114 799 4162 is
825 4115 854 4163 of
861 4116 904 4164 the
915 4115 1056 4164 individual
1066 4117 1194 4176 required.

335 4175 390 4224 also
408 4178 541 4239 subjoined
558 4180 600 4230 the
616 4183 697 4230 result
712 4183 741 4232 of
757 4183 799 4232 the
