2820 4882
297 376 363 463 360
557 403 763 456 accharon
786 407 994 456 wannovna

142 592 264 636 abaco.
301 565 513 649 procederet,
537 566 597 629 sed
626 565 670 628 ad
692 585 790 629 suam
820 566 1002 630 ecclesiam
1025 564 1172 645 rediret3
1196 566 1258 648 qui

304 664 463 731 Cantiam
488 672 665 796 rlevertens
691 666 740 729 ibi
764 665 935 749 disposuit
961 664 1034 729 dies
1064 664 1259 730 Natalitios

304 765 489 829 celebrare.

359 938 409 1002 Dc
417 937 561 1022 persicae
571 936 707 1022 pluriora
722 934 803 1000 beuti
821 934 951 1013 llomae,
968 934 1205 1001 commentas
1221 1006 1226 1012 ,

665 1034 897 1120 archicpiscopi.

146 1187 270 1229 anun.
357 1160 462 1225 Anno
483 1159 623 1224 Domini
647 1174 806 1222 Mcnxxr.
830 1160 954 1223 beatus
978 1157 1143 1236 Thomas,
1168 1158 1261 1224 Can.

146 1238 268 1329 ῗιίοῖἷιῖῗοί
308 1260 493 1326 tuariensis
528 1240 820 1341 archiepiscopus,
853 1277 1044 1321 sermonem
1076 1256 1260 1323 habiturus

308 1361 351 1424 ad
384 1360 550 1442 populum
577 1359 613 1421 in
643 1348 701 1421 die
727 1357 921 1421 Dominicae
953 1357 1148 1420 nativitatis
1180 1358 1259 1440 pul·

307 1460 418 1545 pitum
436 1457 603 1534 ascendit,
619 1464 666 1534 et,
683 1450 860 1521 ²sermone
878 1456 1062 1538 completo,
1080 1455 1261 1537 Nigellum

308 1559 350 1622 de
371 1556 580 1634 Sackevilla,
602 1555 756 1620 ecclesiae
778 1556 821 1619 de
842 1555 982 1636 Herges
996 1555 1187 1619 violentum
1203 1557 1260 1620 in-

308 1659 520 1733 cubatorem,
549 1662 585 1720 et
612 1655 765 1738 ejusdem
790 1654 957 1718 vicarium
988 1654 1156 1731 ecclesiae,
1187 1655 1263 1721 Ro-

307 1759 443 1822 hertum
461 1774 598 1838 quoque
616 1754 658 1818 de
679 1755 784 1831 Broc,
801 1755 861 1836 qui
877 1773 1003 1835 equum
1019 1754 1192 1836 quendam
1209 1756 1262 1839 ip-

309 1857 382 1919 sius
410 1854 660 1938 archiepiscopi
690 1853 857 1918 victualia
885 1852 1093 1917 deferentem
1123 1854 1168 1919 ad
1199 1854 1261 1920 de-

309 1956 414 2019 decus
441 1961 476 2018 et
497 1954 720 2035 ignominiam
747 1953 821 2037 ejus
851 1952 1104 2029 decurtaverat,
1133 1954 1263 2018 solem-

309 2055 399 2118 niter
415 2051 738 2118 excommunicavit.
779 2051 915 2130 Quibus
930 2053 981 2116 ita
1000 2052 1120 2134 gestiS,
1136 2054 1263 2135 quinto

309 2154 365 2217 die
389 2151 584 2217 Dominicae
607 2151 814 2229 nativitatis,
833 2151 926 2215 circa
947 2150 1067 2215 horam
1090 2155 1262 2236 vesperti-

309 2272 402 2330 nam,
416 2272 494 2317 cum
511 2251 789 2333 archiepiscopus
804 2269 882 2315 cum
897 2250 1030 2314 clericis
1044 2251 1117 2314 suis
1133 2252 1171 2314 in
1182 2252 1263 2336 tha-

310 2353 404 2417 lamo
427 2352 605 2428 resideret,
621 2351 819 2415 Willelmus
841 2350 884 2413 de
903 2350 1018 2425 Traci,
1040 2349 1261 2433 Reginaldns

311 2451 402 2515 filius
424 2451 520 2527 Ursi,
538 2450 647 2532 Hugo
666 2451 709 2513 de
732 2449 898 2515 Morvilla
916 2455 951 2512 et
968 2449 1165 2513 Richardus
1181 2452 1264 2516 Bri·

312 2558 361 2627 to,
381 2550 424 2614 de
451 2549 668 2614 Normannia
690 2550 881 2626 venientes,
902 2555 1068 2630 tanquam
1090 2548 1182 2614 furia
1209 2552 1264 2615 in-

307 2649 394 2733 jecti
415 2650 529 2713 subito
550 2650 593 2712 in¹
609 2648 798 2712 thalamum
822 2649 1030 2729 irruperunt,
1056 2649 1265 2715 denuntian-

312 2756 365 2812 tes
383 2741 445 2811 ³ox
463 2756 562 2831 parte
582 2749 685 2830 regis,
703 2755 743 2812 ut
759 2747 938 2830 episcopos
957 2745 1096 2830 Angliae
1114 2768 1264 2832 suspen-

312 2866 370 2910 sos
386 2846 497 2911 officio
519 2867 582 2911 suo
599 2848 796 2911 restitueret
812 2853 848 2910 et
864 2848 1186 2927 excommunicatos
1202 2851 1263 2914 ab·

313 2945 489 3026 solveret3
522 2948 646 3029 quibus
675 2946 852 3029 respondit
876 2946 1168 3029 archiepiscopus,
1191 2969 1262 3020 non

312 3065 388 3109 esse
410 3046 539 3130 judicis
565 3045 736 3110 inferioris
758 3053 798 3111 ut
825 3065 847 3109 a
862 3046 1044 3114 sententia
1074 3048 1263 3128 superioris

347 3266 362 3306 ¹-
370 3269 517 3330 Cebbrara]
539 3271 615 3319 Paris
626 3270 673 3319 has
684 3271 774 3319 insert·
798 3273 824 3318 to
835 3270 855 3318 it
866 3269 952 3319 would
963 3284 1067 3332 appear,
1079 3270 1135 3320 that
1144 3270 1210 3322 after
1220 3272 1263 3322 his

311 3339 344 3388 ed
361 3339 419 3388 here
436 3354 469 3388 an
486 3345 593 3390 account
608 3339 638 3388 ol
650 3354 683 3388 an
699 3340 775 3388 inter·
798 3339 938 3389 sermonhe
955 3340 1268 3393 madeuseotaformof

311 3410 377 3458 view
386 3410 501 3458 between
513 3410 610 3459 Becket
621 3410 671 3458 and
680 3409 774 3471 Simon,
799 3409 912 3471 Bidding
923 3411 1029 3472 Prayer,
1039 3410 1124 3460 which
1135 3413 1263 3462 was'then

311 3480 387 3528 abbot
403 3477 432 3527 of
446 3479 473 3528 S.
487 3474 602 3541 Albau’s,
613 3484 641 3527 at
656 3493 673 3527 a
688 3493 775 3527 manor
799 3482 958 3540 customary3
982 3479 1014 3528 he
1036 3493 1106 3542 says,
1121 3481 1263 3532 ‘Sermone

311 3548 447 3610 belonging
458 3548 534 3599 tothe
545 3548 775 3610 archbishop,call-
798 3548 932 3611 completo,
949 3549 1104 3598 orationibus
1126 3553 1264 3616 consuetis,
1312 3543 1317 3551 ’

312 3617 345 3664 ed
362 3617 469 3680 Hawea,
486 3632 562 3667 seven
577 3618 650 3667 miles
665 3617 729 3667 from
746 3618 772 3667 S.
798 3618 896 3667 scilicet
906 3632 952 3680 pro
963 3617 1063 3667 domino
1074 3634 1151 3682 papa,
1164 3636 1212 3682 pro
1223 3637 1264 3672 re-

312 3686 429 3735 Alban’s.
799 3701 840 3748 ge,
864 3703 909 3749 pro
931 3701 994 3748 pace
1016 3689 1155 3751 populique
1178 3692 1263 3741 salute

347 3751 479 3805 ²Sermoae
499 3758 621 3819 cmnpleto.
638 3757 649 3820 ]
678 3756 711 3804 ln
731 3755 774 3804 the
798 3755 863 3805 fusis
874 3757 906 3806 ed
919 3757 1056 3806 Dominum
1065 3757 1082 3818 ς’
1094 3764 1143 3809 etc.

313 3824 487 3887 Quadrilogus
498 3827 519 3874 it
529 3827 551 3874 ia
563 3827 620 3875 said
631 3826 687 3875 that
696 3829 724 3873 nt
731 3824 773 3874 the
833 3822 898 3874 Ἐκ
914 3832 983 3890 purte
999 3827 1075 3889 regia.
1113 3829 1163 3878 For
1180 3844 1197 3878 a
1215 3829 1266 3880 full

313 3895 362 3942 end
378 3894 407 3943 of
420 3894 463 3943 the
480 3909 577 3944 sermon
594 3896 626 3944 he
642 3893 773 3957 predicted
798 3900 906 3944 account
916 3896 945 3945 os
958 3895 1001 3944 the
1017 3911 1060 3944 mu
1091 3900 1266 3958 er,seeQua·

312 3963 368 4012 that
383 3964 425 4012 the
446 3965 506 4014 time
525 3965 555 4013 of
568 3965 608 4013 hia
625 3964 701 4013 death
718 3979 773 4012 was
798 3964 890 4027 drilog.
909 3981 935 4026 p.
956 3970 1014 4025 121,
1036 3981 1117 4028 seqq.,·
1139 3967 1263 4029 Stephon.

312 4033 429 4094 drawing
439 4049 509 4096 near,
519 4034 569 4082 and
580 4035 636 4083 that
645 4034 677 4083 he
686 4033 773 4082 would
798 4038 840 4095 84,
850 4049 914 4097 seqq.
924 4051 934 4093 ,·
951 4036 1061 4086 Marten.
1072 4036 1148 4087 Thes.
1164 4037 1264 4091 Anecd.

312 4101 408 4162 shortly
417 4103 489 4153 leave
503 4104 580 4154 them
609 4105 683 4154 From
695 4104 773 4153 Dice·
798 4103 835 4154 iii.
849 4107 921 4154 1137.
