2820 4882
346 399 390 464 80
595 416 729 464 nonunt
758 416 804 464 nn
827 416 1035 465 wnunovaa

184 595 307 656 aaron
346 573 490 639 throdus
514 595 628 641 comes
658 575 881 653 Perticensis,
909 575 1070 657 Rogerus
1093 576 1136 639 de
1163 575 1298 639 Barne-

181 644 333 736 iidiilliie.
346 675 442 752 villa,
457 676 499 740 de
517 676 701 741 Britannia
717 678 782 740 viri
808 677 926 759 magni
950 677 1155 758 Fergandus
1170 684 1206 740 et
1224 675 1296 740 Co·

346 795 483 856 nanus;
517 777 580 841 hos
609 796 747 860 quoque
781 778 1015 860 sequebantur
1049 775 1170 858 Angli,
1201 775 1297 840 Nor-

344 877 474 954 manni,
514 877 757 953 FlandrenseS,
798 877 973 955 BritoneS,
1011 875 1299 959 Andegavenses‚

346 974 442 1040 Galli
465 978 707 1055 occidentales,
736 985 771 1042 et
796 997 915 1042 omnes
945 976 1150 1060 populorum
1182 977 1296 1054 cunei,

346 1077 406 1160 qui
429 1078 473 1141 ab
490 1097 619 1142 oceano
635 1078 838 1143 Britannico
860 1096 970 1160 usque
996 1077 1039 1140 ad
1055 1075 1164 1160 Alpes
1188 1077 1299 1140 medi-

346 1183 505 1242 terraneo
530 1183 644 1242 tractu
668 1176 849 1260 degebant.
903 1178 970 1242 Isti
988 1196 1107 1243 omnes
1130 1178 1166 1241 in
1189 1196 1299 1259 nego-

347 1278 434 1341 tium
470 1279 582 1342 crucis
609 1278 754 1361 profecti
791 1279 827 1341 in
849 1276 1016 1360 Apuliam
1038 1283 1075 1341 et
1097 1275 1298 1341 Calabriam

347 1378 440 1441 circa
470 1378 592 1442 hiemis
627 1378 821 1461 ingruentis
856 1378 969 1455 initia,
998 1377 1129 1441 nivium
1161 1385 1195 1442 et
1224 1377 1304 1460 gla-

348 1478 477 1541 cierum
503 1479 674 1543 evitantes
701 1478 930 1555 incommoda,
956 1476 1209 1541 descenderunt
1231 1478 1299 1542 ibi-

349 1577 437 1655 dem,
462 1585 705 1661 exspectantes
730 1578 839 1643 donec
864 1598 951 1642 aura
967 1577 1099 1643 felicior
1115 1578 1298 1642 arrideret.

349 1677 452 1742 Circa
473 1678 564 1742 idem
587 1686 724 1761 tempus
745 1678 892 1742 fundata
917 1685 972 1742 est
992 1677 1140 1741 ecclesia
1159 1677 1300 1742 Norwi-

348 1777 473 1856 censis,
491 1779 576 1842 etin
591 1798 634 1843 ea
650 1799 712 1861 pro
729 1779 862 1843 clericis
880 1778 1037 1872 monachi
1055 1779 1242 1861 surrogati.

378 1954 428 2018 De
442 1951 594 2019 obsidione
608 1954 722 2020 Nicaeae
736 1954 874 2020 ciuitatis
888 1977 909 2019 a
926 1977 1015 2019 cruce
1029 1954 1160 2041 sipaatis
1166 1955 1272 2039 foeta.

389 2080 494 2146 Anno
505 2080 648 2144 Domini
662 2096 806 2144 Mxovu.
823 2079 895 2144 dux
912 2078 1123 2144 Godefridus
1135 2099 1214 2143 cnm
1228 2079 1304 2142 suis

351 2181 546 2263 legionibus
563 2181 655 2264 apud
672 2179 1022 2264 Constantinopolim,
1036 2181 1107 2244 dux
1125 2180 1303 2244 Boamun·

352 2282 417 2345 dus
435 2300 513 2345 cum
526 2282 598 2345 suis
615 2281 707 2363 apud
724 2281 843 2344 urbem
855 2281 1069 2358 Castoream,
1081 2299 1195 2345 comes
1205 2278 1302 2343 Tho-

351 2382 492 2445 losanus
506 2373 596 2444 ¹cum
614 2382 686 2444 suis
702 2381 795 2464 apud
810 2380 1048 2463 Pelagoniam,
1062 2381 1214 2446 celebres
1231 2380 1305 2444 Do*

352 2481 487 2544 minicae
507 2481 699 2545 nativitatis
714 2481 787 2544 dies
804 2483 1048 2563 transigentes,
1065 2482 1303 2557 decreverunt,

353 2581 590 2664 unusquisque
604 2581 639 2644 in
653 2581 729 2645 loco
743 2601 818 2659 suo,
834 2582 963 2646 intuitu
977 2581 1165 2664 religionis,
1180 2599 1304 2644 manus

353 2701 375 2745 a
406 2682 524 2764 praeda
548 2687 584 2745 et
611 2681 766 2764 qualibet
794 2681 923 2765 injuria
950 2682 1119 2746 cohibere.
1172 2680 1304 2745 Postea

354 2800 471 2846 omnes
492 2782 529 2844 in
549 2802 629 2846 vere
653 2783 823 2865 sequenti,
843 2783 1043 2864 compositis
1069 2781 1226 2858 sarcinis,
1242 2801 1304 2845 ve-

354 2881 477 2945 hiculis
501 2889 536 2945 et
560 2882 698 2947 clitellis
722 2883 788 2946 iter
815 2882 1068 2964 aggredienteS,
1092 2900 1212 2946 versus
1239 2881 1307 2945 Ni·

354 3000 462 3045 caeam
485 2982 602 3046 urbem
629 2983 837 3065 pedetentim
864 2982 1048 3061 incedunt3
1081 2983 1141 3065 qui
1163 2981 1305 3045 tandem

355 3082 400 3146 ad
427 3081 677 3161 Nicomediam,
704 3103 783 3166 quae
809 3082 983 3165 Bithyniae
1011 3083 1211 3164 metropolis
1240 3089 1307 3160 est,

354 3184 544 3260 venientes,
566 3183 761 3248 habuerunt
782 3183 921 3248 obvium
937 3183 1167 3248 venerabilem
1190 3201 1307 3246 sacer-

354 3284 470 3348 dotem
493 3282 637 3348 Petrum
660 3283 888 3361 Heremitam,
911 3284 971 3365 qui
994 3303 1072 3347 cum
1094 3282 1225 3365 paucis,
1248 3283 1308 3364 qui

355 3385 422 3447 sibi
450 3383 705 3466 superfuerunt,
727 3383 868 3466 reliquis
893 3384 1087 3465 legionibus
1111 3402 1308 3460 occurrens,

355 3504 473 3548 eorum
491 3485 639 3548 coetibus
664 3485 868 3567 conjunctus
888 3490 954 3547 est.
1007 3483 1227 3566 Principibus
1249 3502 1307 3547 sa-

355 3584 489 3662 lutatis,
505 3585 564 3647 ubi
579 3585 622 3648 ab
638 3585 796 3648 omnibus
811 3584 960 3666 benigne
976 3591 1169 3666 susceptus,
1185 3584 1229 3647 de
1246 3603 1306 3646 su·

357 3704 455 3748 orum
473 3685 657 3748 amissione
682 3684 868 3767 plurimum
891 3683 1122 3748 condolebant
1138 3691 1173 3747 et
1195 3684 1306 3748 multa

357 3785 388 3848 ei
406 3785 550 3849 donaria
572 3784 801 3848 contulerunt.
856 3784 1100 3867 Multiplicatis
1123 3784 1230 3866 igitur
1254 3804 1309 3848 ar-

394 4017 400 4048 ¹
414 4022 476 4069 Cam
492 4021 565 4083 sais]
588 4020 642 4068 The
658 4019 784 4068 followers
796 4018 825 4067 of
848 4033 933 4080 mana,
943 4034 971 4068 or
983 4019 1119 4068 Provincia
1128 4019 1311 4083 Narbonensis,

358 4090 491 4152 Raymond
508 4105 551 4138 are
567 4090 650 4139 called
665 4091 698 4151 by
714 4089 756 4138 the
770 4089 822 4138 his·
847 4089 978 4152 including
990 4089 1311 4153 Languedoc,Daupbin6,

356 4162 451 4211 torians
460 4161 642 4223 Provincialea,
650 4160 713 4208 from
725 4159 767 4208 the
779 4158 820 4208 old
848 4159 898 4207 and
910 4161 1048 4210 Provence.
1082 4161 1130 4210 See
1142 4160 1270 4210 Raimund
1278 4162 1310 4211 de

357 4231 543 4281 denomination
564 4230 594 4279 of
613 4230 748 4280 Provincia
771 4230 820 4279 Ro·
847 4229 946 4294 Agiles,
957 4246 982 4292 p.
995 4233 1052 4280 144.
1145 4292 1149 4296 ⁴
