2820 4882
416 381 556 430 rnonns
578 381 848 433 rusronmnuu.
1084 373 1106 435 9

158 539 289 604 lissimo
313 558 355 602 ac
380 545 533 616 strenuo,
548 540 724 620 regionem
741 540 837 604 illam
864 542 899 604 in
921 543 1013 624 regis
1037 543 1106 607 dis·
1120 564 1232 604 innon

157 639 318 722 pendium
350 659 420 703 non
450 639 667 703 mediocriter
699 640 920 722 affligebant;
953 651 1105 706 castrum

157 759 295 822 quoque
327 739 480 821 ligneum
505 741 541 802 in
570 740 654 822 ipsis
682 740 867 823 paludibus
900 751 1106 806 construxe-

157 846 250 916 runt,
270 840 364 921 quod
381 859 491 921 usque
514 840 550 901 in
574 838 775 904 hodiernum
797 842 888 905 diem
905 843 1106 908 ‘castellum

157 938 378 1004 Hcrewardi'
391 959 413 1002 a
426 940 772 1021 comprovincialibus
783 951 1021 1026 nuncupatum
1038 964 1107 1025 quo

157 1039 351 1121 divulgato,
368 1059 427 1103 rex
446 1039 655 1116 Willelmus,
678 1060 755 1103 cum
781 1043 945 1106 universa
966 1062 1039 1106 suae
1056 1044 1107 1106 di-

157 1140 262 1204 tionis
295 1139 498 1204 fortitudine
537 1139 582 1202 ad
619 1140 767 1204 insulam
801 1142 954 1220 venienS,
989 1143 1107 1206 navali

157 1259 233 1303 eam
264 1239 416 1321 pedestri
450 1246 486 1302 et
517 1241 668 1321 equestri
698 1240 820 1322 praelio
856 1242 1105 1306 circumcinxit.

158 1338 294 1402 Deinde
309 1340 385 1402 vias
401 1339 576 1403 immensae
594 1340 821 1420 longitudinis
843 1342 878 1404 in
905 1343 990 1424 ipsis
1006 1343 1105 1426 palu·

156 1438 257 1502 dibus
295 1446 331 1503 et
357 1447 482 1521 pontes
509 1439 610 1504 valde
636 1450 857 1523 sumptuosos
890 1450 1106 1519 construens,

156 1539 342 1620 voragines
367 1539 557 1620 profundas
585 1548 621 1603 et
638 1559 788 1623 aquosas
809 1542 929 1605 bestiis
947 1555 983 1607 et
999 1543 1107 1607 bomi-

158 1638 260 1703 nibus
287 1637 436 1703 reddidit
454 1641 693 1721 permeabiles,
709 1650 744 1704 et
759 1641 951 1716 castellum,
970 1643 1006 1705 in
1029 1643 1107 1707 loco

157 1739 216 1820 qui
243 1738 467 1803 Wisebecum
493 1739 632 1816 dicitur,
658 1759 680 1803 a
709 1740 941 1805 fundamentis
973 1742 1105 1822 erexit3

156 1838 249 1920 quod
274 1858 352 1902 cum
383 1839 574 1904 adversarii
596 1841 671 1924 ejus
695 1842 952 1921 cognovissent,
976 1861 1106 1919 omnes,
1152 1836 1155 1841 ’

156 1944 286 2020 praeter
311 1939 422 2002 solum
450 1938 715 2016 Hcrewardum,
737 1941 798 2021 qui
823 1942 935 2005 socios
958 1961 1040 2005 suos
1063 1944 1106 2006 ab

156 2037 272 2101 insula
287 2046 447 2119 potenter
458 2040 591 2115 eduxit,
606 2040 650 2103 ad
662 2060 802 2103 manum
813 2042 1004 2117 venientes
1018 2041 1107 2104 Wil-

156 2138 260 2202 lelmo
289 2156 365 2202 sese
393 2145 659 2220 praesentarunt,
689 2140 869 2222 quodlibet
899 2140 1107 2222 supplicium

156 2238 314 2301 subituri.
367 2237 467 2301 Tunc
489 2258 564 2315 rex,
580 2239 796 2320 Egelwinum
821 2239 1021 2322 episcopum
1044 2242 1107 2304 sub

156 2337 316 2401 custodia
346 2338 498 2414 tradens,
536 2338 682 2403 aliorum
719 2340 886 2421 quosdam
923 2341 1107 2419 interfecit,

156 2438 325 2520 quosdam
352 2437 508 2516 redemit,
523 2445 559 2502 et
575 2440 760 2504 nonnullos
782 2435 949 2522 perpet'uo
977 2442 1106 2505 carceri

156 2537 382 2619 mancipavit.
435 2537 671 2603 Hcrewardus
690 2559 783 2616 vero,
799 2542 963 2622 quamdiu
985 2561 1106 2623 super·

156 2637 233 2714 fuit,
252 2638 326 2718 regi
344 2636 520 2702 Willelmo
536 2640 675 2721 paravit
690 2639 833 2704 insidias
851 2641 1055 2722 exquisitas.

221 2814 290 2876 Bac
312 2812 482 2876 Willelmus
495 2811 574 2896 repis
590 2813 749 2875 Scotorum
763 2811 937 2896 homagium
952 2812 1039 2896 cepit.

206 2935 311 3001 Anno
334 2936 474 3000 Domini
492 2952 644 2998 Mnxxu.
661 2956 722 2998 rex
737 2935 933 3000 Willelmus
954 2935 1105 3000 Scotiam
1119 2963 1174 3002 nn.
1186 2962 1242 3002 1072.

156 3036 330 3101 hostiliter
344 3036 462 3099 adiens
487 3036 641 3117 speravit
658 3035 794 3118 aliquos
810 3035 857 3098 ibi
875 3055 917 3098 ex
937 3037 1009 3099 suis
1026 3036 1105 3101 bos·
1119 3013 1254 3103 {illidi

157 3137 249 3200 tibus
280 3136 445 3211 invenire,
468 3136 528 3199 sed
553 3155 630 3199 cum
655 3136 830 3217 regionem
853 3136 948 3199 illam
971 3137 1105 3218 perlus-

156 3242 285 3298 trasset
315 3243 350 3298 et
382 3236 514 3299 nullum
546 3236 684 3317 penitus
717 3236 918 3311 invenisset,
961 3243 1106 3318 accepto

158 3336 299 3400 tandem
320 3337 412 3417 regis
436 3335 619 3399 Scotorum
641 3354 719 3396 cum
739 3335 914 3398 obsidibus
932 3334 1104 3416 homagio,

158 3435 200 3498 ad
223 3434 387 3516 Angliam
411 3437 589 3501 remeavit.
641 3434 721 3498 Hoc
747 3436 850 3498 etiam
871 3455 962 3498 anno
983 3428 1104 3516 ¹Egel-

157 3537 268 3599 winus
283 3537 465 3618 episcopus
479 3535 735 3610 Dunelmensis,
755 3536 846 3616 apud
864 3535 1102 3599 Westmonas-

158 3637 280 3699 terium
304 3637 368 3699 sub
393 3636 551 3699 custodia
574 3636 665 3716 regis
690 3636 861 3711 detentus
879 3635 965 3700 obiit
988 3643 1023 3700 et
1038 3636 1103 3700 ibi·

158 3735 233 3800 dem
250 3736 287 3799 in
301 3736 436 3817 porticu
452 3736 563 3799 sancti
579 3735 717 3799 Nicolai
731 3735 887 3817 sepultus
900 3743 965 3799 est.

192 4035 199 4064 ¹
212 4039 356 4100 Egelwinus
365 4040 395 4103 ,·]
413 4040 497 4088 rather
512 4042 518 4067 ‘
529 4035 678 4102 Egelricus‚’
691 4055 720 4088 as
732 4042 859 4090 corrected
870 4058 902 4092 on
913 4043 956 4093 the
967 4046 1074 4106 margin.
