2820 4882
223 614 270 653 Llle
278 614 302 652 of

383 374 449 441 352
639 391 772 439 noennr
798 391 845 438 nn
868 390 1077 438 wnunovnu

223 562 347 604 nunno.
385 554 571 629 gustantur
600 552 635 610 et
663 547 862 609 cruciantur
885 553 920 609 et
944 546 987 608 ad
1011 535 1175 609 inferiora
1196 545 1342 608 misera-

223 665 243 704 s.
254 663 340 704 nonna
384 646 499 710 biliter
516 647 765 728 deprimuntur.
822 645 939 708 Hodie
966 665 1050 710 vero
1074 645 1242 728 conspexi
1267 644 1341 707 ani-

383 766 474 809 mam
492 745 671 829 cujusdam
682 745 772 828 justi
788 744 931 808 liberam
946 746 1163 809 transvolare
1177 763 1339 827 peream,

384 854 419 911 et
442 846 520 910 ideo
536 865 614 909 cum
637 845 771 926 angelis
794 863 869 908 eom
890 843 1124 908 deferentibus
1150 844 1245 927 coepi
1268 863 1341 926 prae

384 945 511 1028 gaudio
529 952 683 1022 cantare,
698 944 790 1027 quod
804 951 840 1008 et
858 950 894 1007 tu
911 944 1085 1008 admirans
1102 942 1255 1008 audisti?

463 1119 607 1193 Qualiter
621 1129 746 1183 sauctus
761 1119 877 1183 Petrus
892 1116 974 1182 beato
992 1118 1123 1182 tiodrico
1139 1118 1267 1181 missam

779 1215 950 1282 celebravit.

437 1342 632 1415 Monachus
663 1343 753 1406 idem
785 1343 909 1406 iterum
941 1341 1025 1405 illuc
1056 1360 1217 1405 reversus
1249 1360 1344 1422 quae·

386 1443 467 1506 sivit
487 1444 531 1506 ab
552 1443 688 1506 homine
709 1441 789 1519 Dei,
810 1443 840 1504 si
862 1460 966 1505 unam
989 1441 1130 1503 missam
1147 1440 1254 1505 vellet
1278 1460 1342 1503 an-

386 1541 471 1618 dire,
492 1543 551 1625 qui
574 1542 764 1625 respondit,
788 1541 931 1605 ‘Hodie
956 1542 998 1605 de
1023 1548 1145 1604 sancta
1168 1540 1342 1604 Trinitate

386 1641 527 1705 missam
541 1642 672 1718 audivi,
688 1649 724 1706 et
740 1642 1013 1706 communionem
1028 1640 1071 1704 de
1085 1634 1190 1703 manu
1205 1641 1272 1705 viri
1288 1660 1344 1704 cu-

384 1740 525 1824 jusdam
554 1741 731 1805 candidati
762 1742 913 1823 suscepi,
935 1741 995 1823 qui
1021 1740 1065 1804 de
1086 1741 1172 1803 caelo
1200 1739 1344 1804 descen·

388 1841 472 1904 dens
503 1843 629 1906 iterum
652 1841 688 1904 in
719 1841 841 1905 caelum
875 1841 1043 1917 ascendit,
1071 1846 1106 1903 et
1133 1847 1173 1904 ut
1198 1847 1345 1921 peccata

388 1941 570 2006 confiterer
597 1940 787 2018 admonuit,
810 1948 846 2005 et
867 1941 910 2004 de
932 1941 1017 2003 meis
1045 1939 1246 2003 excessibus
1269 1939 1343 2003 dixi

391 2040 424 2104 ei
450 2041 614 2124 quioquid
640 2041 724 2104 mihi
747 2041 918 2119 occurrit3
942 2041 993 2106 sic
1016 2048 1132 2104 autem
1162 2039 1344 2104 absolutus

391 2142 434 2204 ab
456 2140 517 2204 illo
540 2139 784 2204 eucharistiam
807 2141 850 2203 de
873 2160 978 2203 manu
1010 2140 1119 2222 ipsius
1145 2146 1345 2203 reverenter

390 2240 551 2323 percepi3
580 2239 690 2304 officio
717 2259 855 2322 quoque
886 2246 1039 2322 peracto,
1067 2240 1212 2304 elevatis
1236 2239 1345 2302 mani-

391 2342 456 2405 bus
474 2347 527 2404 est
543 2341 698 2405 elevatus
713 2340 750 2402 in
767 2340 900 2403 oaelum.
924 2339 1120 2416 Laudasne,
1134 2339 1195 2416 fili,
1210 2346 1251 2402 nt
1263 2347 1344 2421 post

392 2440 466 2503 haec
485 2459 506 2504 a
523 2448 557 2505 te
572 2440 674 2504 modo
691 2439 906 2522 disciplinam
924 2439 979 2502 vel
995 2439 1270 2503 communionem
1288 2458 1347 2503 ae·

392 2540 517 2623 cipiam
530 2539 560 2603 i'
598 2540 645 2603 Et
664 2538 723 2603 ille
740 2539 930 2621 respondit,
946 2538 1037 2621 quod
1057 2538 1123 2602 hoo
1143 2538 1258 2602 facere
1276 2558 1346 2602 non

394 2639 548 2717 auderet,
570 2639 631 2703 sed
654 2639 816 2721 quaesivit
836 2640 880 2702 ab
898 2659 951 2715 eo,
971 2639 1049 2720 quis
1066 2645 1265 2702 sanctorum
1288 2639 1348 2702 ille

392 2739 535 2817 suisset3
566 2746 601 2802 et
626 2737 680 2803 vir
712 2737 779 2802 Dei
806 2738 908 2815 dixit,
941 2738 1031 2801 bunc
1064 2737 1171 2801 fuisse
1200 2736 1344 2802 Petrum

394 2839 601 2920 apostolum,
625 2838 684 2920 qui
709 2838 834 2901 missus
858 2838 970 2902 suerat
1000 2857 1021 2900 a
1044 2838 1207 2912 Domino,
1227 2845 1269 2901 ut
1290 2838 1343 2919 ip·

394 2958 469 3001 sum
494 2938 690 3003 absolveret
707 2956 728 3000 a
743 2938 917 3020 peccatis3
940 2943 951 2971 ‘
968 2936 1024 3000 Tu
1039 2935 1204 3012 missam,'
1220 2937 1347 3020 inquit,

394 3039 453 3101 ‘in
470 3037 634 3102 honorem
649 3038 762 3100 beatae
780 3037 924 3119 virginis
942 3037 1126 3113 celebrato,
1143 3043 1184 3100 ut
1200 3036 1277 3120 ejus
1294 3037 1347 3100 in-

395 3145 555 3202 terventu
580 3137 707 3200 Filium
730 3137 840 3218 ipsius
862 3136 988 3200 habere
1008 3136 1195 3219 propitium
1216 3156 1350 3201 merea·

394 3237 494 3315 mur,’
511 3238 546 3301 et
568 3235 756 3300 monachus
781 3235 967 3299 Dominum
991 3236 1138 3300 laudans
1158 3235 1261 3301 laetus
1285 3256 1348 3318 pa·-

395 3338 465 3401 ruit
480 3337 675 3419 imperanti.

449 3507 592 3582 Qualiter
607 3517 729 3572 suadas
747 3508 899 3573 Godrlcas
906 3529 968 3593 per
984 3509 1133 3572 orationes
1148 3518 1177 3572 ot
1191 3506 1297 3574 crucis

564 3608 685 3693 siphum
694 3608 768 3692 fuit
782 3630 804 3671 a
820 3606 1004 3672 dromonibus
1018 3607 1176 3674 liberatas.

463 3730 612 3795 Sanctus
641 3731 810 3796 heremita
837 3738 873 3797 et
901 3733 1033 3796 amicus
1066 3732 1133 3796 Dei
1165 3730 1352 3810 Godricus,

398 3850 476 3894 cnm
492 3850 600 3895 annos
619 3831 851 3914 quadraginta
865 3832 901 3894 in
918 3832 1057 3896 heremo
1074 3831 1166 3914 apud
1185 3832 1353 3896 Finchale

397 3938 536 3994 strenue
558 3931 760 4014 peregisset,
782 3933 902 3995 morbo
924 3932 1101 3995 confectus
1127 3939 1163 3995 et
1185 3933 1283 3996 senio
1307 3933 1351 3997 ad

399 4032 581 4094 transitum
610 4032 877 4114 propinquabat,
901 4051 980 4096 nam
1006 4051 1068 4113 per
1092 4038 1172 4096 octo
1193 4031 1266 4096 lere
1288 4051 1352 4096 an-

396 4148 459 4192 nos
482 4130 516 4193 in
543 4131 634 4195 lecto
656 4131 843 4213 languidus
866 4132 1088 4209 decubuerat,
1111 4150 1350 4214 necunquam
