2820 4882
304 389 370 455 tat
562 403 697 452 anunm
723 402 770 449 nn
794 401 1002 450 wnunovna

374 641 463 723 Quod
475 638 675 705 Soloodo'noo
690 647 807 703 taram
821 647 963 704 coactam
977 638 1195 726 depopulatur.

147 777 270 819 ΛΜΗ·
359 764 464 829 Anno
488 763 630 830 Domini
655 777 884 828 Monxxxvn.
909 762 1117 827 Salaadinus
1137 770 1263 827 contra

146 832 271 920 iimi-
311 864 528 930 Christianos
548 863 788 945 indignatione
809 881 996 927 succensus
1011 861 1175 941 Parthos,
1192 862 1262 926 Be-

310 964 474 1042 dewinos‚
489 964 636 1040 Turcos,
651 962 857 1039 Saracenos,
880 961 1027 1040 Arabes,
1041 963 1166 1028 Medos
1182 983 1264 1027 con·

310 1072 414 1130 vocat
429 1072 465 1129 ct
480 1057 677 1141 ¹Cordinos,
691 1070 726 1127 et
742 1063 796 1127 his
810 1062 969 1127 omnibus
986 1082 1063 1126 cum
1083 1063 1262 1146 AEgyptiis

310 1166 460 1248 stipatus
489 1164 574 1227 fines
596 1162 873 1227 Christianorum
895 1164 1043 1227 conterit
1065 1169 1100 1230 ct
1122 1170 1263 1227 contur-

310 1266 392 1344 bat3
428 1271 463 1329 et
480 1263 568 1347 jam,
584 1283 653 1327 non
669 1269 854 1327 contentus
868 1263 962 1344 quod
975 1281 1085 1344 parva
1102 1263 1263 1345 quaedam

310 1365 346 1428 in
363 1363 514 1428 Galilaea
534 1362 757 1447 occupaverit
782 1363 956 1445 praesidia,
982 1361 1178 1428 Calvariam
1201 1364 1263 1427 ob·

310 1465 422 1529 sidere
442 1464 617 1546 proponit.
670 1460 758 1526 Cum
781 1463 933 1526 omnium
955 1463 1069 1545 igitur
1084 1462 1263 1527 machina·

311 1583 387 1628 rum
410 1582 536 1644 genere
558 1563 642 1626 illuc
663 1569 877 1645 properaret,
895 1562 1107 1645 Magistrum
1129 1561 1264 1626 militiae

311 1663 448 1747 Templi
465 1662 721 1727 cumfratribus
739 1663 925 1744 sexaginta
937 1669 973 1726 et
984 1661 1264 1728 Christianorum

312 1763 532 1829 multitudine
569 1761 767 1826 itinerando
798 1763 945 1845 peremit
972 1770 1008 1827 et
1039 1782 1117 1826 cum
1144 1763 1262 1846 palma

310 1865 468 1948 martyrii
490 1864 535 1928 ad
562 1863 717 1927 caelestia
739 1882 848 1945 regna
870 1863 1082 1944 transmisit;
1109 1862 1175 1928 hac
1197 1864 1263 1945 igi-

311 1971 370 2029 tur
404 1964 611 2029 Salaadinus
636 1963 784 2027 victoria
814 1962 1031 2028 exhilaratus
1061 1964 1105 2027 ad
1120 1963 1264 2052 ⁸obsidi-

311 2084 413 2128 onem
442 2063 614 2130 Calvariae
646 2063 815 2127 festinans
845 2065 1035 2129 contendit.
1087 2063 1168 2129 Rex
1200 2082 1263 2126 au-

310 2172 380 2229 tem
395 2164 630 2240 Hierusalem,
644 2169 684 2226 nt
703 2164 820 2227 urbem
844 2163 978 2228 audivit
990 2163 1169 2228 obsidione
1184 2163 1262 2228 val-

311 2265 417 2329 latam
440 2271 476 2328 et
497 2263 650 2328 inclusos
674 2264 896 2327 vehementer
919 2263 1040 2346 affligi,
1070 2263 1183 2327 edicto
1208 2283 1263 2326 re-

311 2364 370 2446 gio
396 2384 497 2428 omne
518 2364 617 2445 regni
644 2365 750 2426 robur
771 2363 1002 2443 convocavit;
1036 2363 1106 2427 illis
1132 2363 1263 2427 solum-

311 2464 414 2528 modo
439 2465 475 2528 in
494 2470 687 2527 castrorum
704 2462 865 2545 praesidio
882 2463 1024 2541 relictis,
1039 2482 1126 2547 quos
1145 2464 1262 2528 aetatis

311 2571 347 2628 et
361 2583 466 2628 sexus
482 2563 665 2626 infirmitas
682 2582 855 2626 armorum
875 2582 1017 2646 prorsus
1034 2562 1183 2628 babebat
1196 2564 1262 2629 im-

310 2682 443 2727 munes.
489 2664 615 2728 Castra
635 2662 744 2745 igitur
764 2670 943 2728 moventes
965 2683 987 2728 a
1012 2665 1108 2728 fonte
1130 2664 1263 2747 Sepho·

310 2764 437 2841 ritano,
461 2764 520 2827 ubi
544 2769 791 2840 convenerant,
817 2764 940 2847 stipati
964 2764 1112 2828 militum
1137 2765 1265 2846 viginti

310 2862 461 2927 millibus
478 2864 705 2927 incesserunt.
758 2861 930 2928 Praesccto
952 2864 1071 2947 itaque
1093 2865 1264 2928 exercitui

311 2963 519 3041 Reimundo,
537 2963 663 3028 comite
681 2961 913 3044 Tripolitana,
938 2983 1060 3030 versus
1087 2963 1264 3028 Tiberium

309 3071 392 3128 sunt
409 3064 578 3147 prolecti3
607 3083 753 3146 cumque
777 3063 935 3130 funestus
963 3065 1036 3128 dies
1063 3065 1262 3129 certaminis

309 3165 468 3242 instaret,
493 3164 683 3228 camerario
710 3163 803 3245 regis
827 3165 915 3230 visio
942 3164 1128 3252 tremendas
1150 3165 1262 3228 conti-

309 3265 373 3346 git,
400 3264 562 3329 videlicet
590 3262 682 3346 quod
705 3264 824 3345 aquila
846 3265 1007 3346 quaedam
1025 3254 1262 3329 Christianum

309 3364 542 3428 transvolaret
561 3362 764 3440 exercitum,
780 3383 857 3445 quae
881 3364 1027 3428 missilia
1049 3371 1181 3446 septem
1204 3385 1263 3446 ge·

307 3483 386 3528 rens
414 3465 450 3527 in
477 3464 622 3547 pedibus
647 3483 733 3528 voce
762 3464 906 3529 terribili
934 3471 1151 3548 personaret,
1175 3464 1261 3528 ‘Vae

307 3566 406 3629 vobis
424 3563 658 3640 Hierusalem,
675 3582 728 3627 vae
749 3565 848 3628 vobis
862 3564 881 3629 !’
914 3564 971 3629 Ad
994 3564 1099 3648 hujus
1117 3565 1262 3630 visionis

307 3664 558 3748 expositionem
587 3662 742 3728 sufficere
767 3664 928 3728 nimirum
953 3664 1138 3743 credimus,
1164 3665 1260 3749 quod

306 3764 457 3847 Spiritus
483 3764 633 3828 Sanctus
661 3764 703 3827 de
731 3765 887 3846 reprobis
913 3766 1069 3847 loquitur
1095 3785 1158 3848 per
1179 3785 1262 3848 pro-

304 3863 653 3946 phetam,‘'l'etendit
664 3864 835 3928 Dominus
852 3884 970 3929 arcum
989 3884 1102 3943 suum,
1119 3866 1201 3930 etin
1217 3885 1260 3929 eo

304 3966 443 4047 paravit
459 3984 545 4029 vasa
560 3965 703 4028 mortis!

302 4132 499 4254 roriqgrdim']
516 4151 544 4184 or
560 4135 601 4185 the
620 4135 721 4212 Curds;
739 4151 782 4187 see
795 4137 907 4200 Gibbon‚
918 4137 968 4186 vol.
986 4137 1022 4186 xi.
1039 4151 1065 4197 p.
1079 4139 1136 4199 124,
1153 4137 1204 4184 and
1220 4137 1263 4187 the
