2820 4882
415 373 555 423 swano
577 374 850 424 ursronrnaun.
1059 359 1104 424 8⁷

150 540 373 599 transeuntes
395 534 522 599 induo
542 534 733 600 exercitum
753 534 966 598 diviserunt:
992 535 1101 598 domi-
1117 551 1239 594 aanor,

149 653 217 699 nus
232 634 459 699 Boamundus
475 641 513 700 et
526 635 598 698 dux
615 633 895 698 Normannorum
913 634 1102 712 Robertus,
1114 604 1268 702 ahma

150 753 268 799 comes
300 733 476 800 Blesensis
509 733 719 816 Stephanus,
749 734 859 816 Hugo
892 733 935 797 de
973 733 1102 800 Sancto

151 833 280 910 Paulo,
297 840 335 898 et
350 833 565 911 Tancredus,
579 853 658 897 cum
675 833 749 897 suis
764 832 963 898 cohortibus
977 832 1102 897 laevam

150 933 264 998 secuti
285 933 323 998 in
337 933 478 1013 vallem,
498 932 556 998 cui
577 952 702 998 nomen
724 940 778 997 est
793 933 963 1014 Gorgoni,
979 952 1101 1015 perve-

150 1040 301 1114 nerunt;
332 1033 457 1116 reliqui
489 1052 571 1098 vero
601 1051 720 1098 omnes
746 1033 906 1097 dextram
930 1039 1102 1109 tenentes,

151 1135 216 1200 vix
238 1153 260 1199 a
282 1134 406 1199 castris
423 1133 666 1216 praedictorum
687 1132 823 1197 duobus
839 1132 1009 1196 distantes
1024 1131 1101 1195 mil-

150 1233 311 1312 liaribusr,
325 1234 455 1298 dietam
472 1234 742 1316 compleverunt.
785 1232 1006 1297 solimannus
1020 1251 1103 1296 vero

150 1333 263 1398 illatae
289 1352 422 1398 memor
443 1333 593 1417 injuriae,
617 1332 655 1397 in
678 1333 831 1398 crastino
860 1332 954 1396 circa
981 1331 1102 1395 horam

152 1432 222 1496 diei
246 1433 445 1511 secundam,
468 1434 569 1499 adest
593 1453 673 1497 cum
689 1433 882 1497 Turcorum
907 1431 1103 1514 agminibus

151 1532 309 1611 infinitis,
341 1552 488 1615 quorum
517 1551 680 1596 numerus
707 1531 932 1596 ducentorum
957 1531 1103 1595 millium

152 1650 325 1696 summam
353 1630 520 1696 excedere
550 1632 757 1710 dicebatur3
790 1631 899 1695 nostri
923 1650 1018 1708 vero,
1040 1650 1104 1713 per

152 1731 396 1813 exploratores
427 1750 545 1796 eorum
584 1731 738 1795 adventu
767 1731 995 1811 precognito,
1027 1749 1102 1793 aar·

152 1830 252 1895 cinus
277 1837 315 1895 et
337 1822 475 1895 ¹currus
498 1850 577 1895 cum
599 1828 770 1893 debilibus
791 1829 864 1892 suis
881 1848 982 1892 secus
997 1847 1103 1892 arun-

152 1930 308 2018 dinetum
342 1927 379 1992 in
407 1930 523 1995 vicino
553 1929 706 2011 positum
732 1929 947 2006 locaverunt,
972 1935 1009 1992 et
1035 1927 1104 2009 ipsi

152 2029 197 2092 ad
232 2047 329 2093 arma
361 2028 587 2094 convolantes
618 2047 728 2111 equos
759 2035 969 2110 praeparant,
1002 2028 1103 2109 quasi

152 2128 311 2192 cominus
335 2129 537 2210 pugnaturi,
563 2135 600 2193 et
623 2128 740 2192 missis
764 2129 895 2191 nuntiis
927 2127 972 2191 ad
996 2126 1103 2190 alium

152 2229 358 2306 exercitum,
384 2246 407 2291 a
428 2247 498 2310 quo
521 2235 650 2292 temere
668 2234 894 2303 recesserant,
920 2226 1105 2290 hortantur

153 2328 325 2393 attentius
346 2334 388 2393 ut
404 2327 572 2392 auxilium
591 2326 801 2410 [conferant]
819 2327 892 2390 suis
909 2325 1105 2407 legionibus

153 2428 368 2512 desperatis3
398 2427 460 2493 sed
484 2428 633 2505 interim,
659 2426 789 2491 nostris
814 2426 945 2505 invitis,
976 2425 1103 2490 bellum

154 2529 384 2593 committitur
420 2527 583 2592 horribile
621 2533 658 2599 et
693 2526 909 2604 damnosum,
953 2519 992 2590 in
1036 2546 1106 2609 quo

156 2628 358 2694 Christiana
390 2629 542 2693 contrita
577 2634 659 2692 sunt
696 2627 840 2708 agmina
872 2625 1106 2705 vehementer,

155 2748 238 2795 nam
259 2729 341 2810 equi
363 2747 482 2792 eorum
506 2727 684 2792 insolitum
708 2747 779 2790 non
804 2727 953 2790 ferentes
979 2725 1108 2790 clamo-

155 2848 229 2895 rem
245 2827 450 2906 Turcorum,
471 2828 694 2893 buccinarum
717 2827 927 2907 clangorem,
949 2826 1108 2907 ictusque

155 2928 427 3005 taburcinorum,
456 2928 648 2992 calcaribus
681 2946 752 2990 non
780 2926 960 3009 parebant.
1014 2923 1109 2990 Dum

156 3029 266 3110 igitur
289 3027 478 3093 Christiani
500 3028 618 3109 fugam
637 3028 726 3090 inire
747 3033 964 3108 cogerentur,
987 3044 1108 3106 super·

155 3129 256 3192 venit
283 3127 487 3209 magnificus
513 3128 586 3190 dux
614 3125 894 3190 Normaunorum
920 3125 1109 3200 Robertus,

159 3227 315 3293 clamans
348 3232 384 3290 et
413 3226 542 3303 dicens,
573 3225 678 3304 ‘Quo
707 3225 827 3306 fugitis
852 3224 1004 3287 milites?
1040 3241 1111 3304 quo

159 3327 308 3409 fugitis?
342 3326 422 3408 equi
443 3324 635 3390 Turcorum
653 3324 782 3390 nostris
805 3322 995 3388 velociores
1016 3328 1110 3399 sunt,

160 3426 254 3491 unde
280 3426 366 3508 fuga
395 3424 557 3507 praesidio
582 3444 651 3489 nou
677 3431 750 3502 est3
783 3422 906 3486 melius
935 3428 989 3485 est
1019 3421 1110 3485 enim

160 3528 249 3593 bene
272 3524 372 3603 mori,
397 3543 501 3608 quam
527 3525 675 3606 turpiter
702 3523 842 3601 vivere3
873 3541 1008 3586 mecum
1032 3540 1111 3584 sen·

161 3628 238 3703 tite,
251 3645 307 3689 me
320 3624 527 3708 sequimini?
578 3622 667 3686 Haec
683 3642 762 3686 cum
777 3621 935 3698 dixisset,
952 3622 988 3683 iu
1005 3639 1113 3704 quen·

162 3726 244 3789 dam
261 3725 454 3789 'lurcorum
470 3742 587 3804 regem
604 3722 734 3786 lanceae
751 3721 878 3785 direxit
895 3720 1017 3796 aciem,
1034 3739 1113 3803 quae

161 3832 301 3889 scutum
318 3824 413 3888 illico
429 3831 464 3887 et
480 3824 625 3887 loricam
641 3841 720 3886 cum
737 3839 881 3902 corpore
903 3819 1113 3901 perforavit3

163 3925 355 3990 secundum
384 3942 533 4006 quoque,
559 3929 595 3987 et
620 3922 761 3985 tertium
786 3919 956 3999 similiter,
979 3919 1016 3983 in
1041 3939 1114 3983 mo·

414 4174 422 4207 ¹
443 4177 559 4242 cmm]
574 4177 583 4205 ‘
593 4176 690 4226 Currus
699 4168 812 4236 lurcos,'
825 4175 855 4223 C.
