2820 4882
406 411 546 458 neonus
569 410 837 460 ursronrnnuu.
1031 399 1096 462 167

142 567 274 631 stantia
307 568 472 650 rogitare,
504 576 544 633 ut
576 569 612 632 in
646 576 834 651 conspectu
867 569 944 653 ejus
976 570 1094 651 gladio
1107 587 1228 626 aaron

142 686 207 730 suo
236 667 405 730 camelum
434 669 636 745 maximum,
662 688 763 751 quem
790 668 834 732 ad
864 669 962 732 illum
994 689 1094 733 usum

143 767 350 844 adduxerat,
365 775 545 850 percutere
559 768 774 849 dignaretur.
828 768 909 832 Rex
925 789 1008 833 vero
1024 790 1092 833 non

143 865 188 930 ad
205 867 427 951 jactantiam,
445 867 506 930 sed
528 874 568 931 ut
590 868 747 931 barbaris
770 868 971 932 nationibus
992 871 1094 934 timo·

18 981 21 990 ·
142 986 215 1030 rem
231 966 415 1044 incuteret,
427 966 613 1049 evaginato
629 967 758 1049 gladio,
769 969 939 1031 camelum
953 989 1095 1051 percus·

143 1066 190 1129 sit
203 1073 240 1129 et
256 1073 363 1148 caput
375 1066 513 1144 belluae,
522 1072 690 1150 tanquam
709 1086 764 1130 res
780 1074 873 1131 esset
883 1068 1094 1151 perfragiliS,

142 1164 259 1246 gladio
291 1166 508 1248 amputavit;
546 1184 617 1248 qno
643 1167 731 1244 viso,
757 1165 873 1230 Arabs
899 1169 1093 1250 obstupuit,

143 1264 204 1327 sed
226 1265 262 1327 in
287 1271 403 1328 mente
422 1284 487 1328 sua
511 1264 546 1328 id
566 1265 659 1329 ensis
680 1266 830 1330 acumini
853 1267 1094 1348 adscribebat;

143 1363 246 1440 unde,
262 1363 449 1448 impetrata
464 1365 607 1429 licentia
628 1372 668 1428 ut
687 1367 913 1430 confidentius
936 1366 1092 1449 loquere·

144 1469 213 1540 tur,
233 1465 396 1545 quaesivit
419 1465 625 1547 propensius
650 1464 680 1527 si
707 1466 743 1528 id
768 1467 880 1548 possit
904 1486 983 1530 cum
1005 1468 1093 1530 alte·

49 1612 51 1617 .
145 1562 218 1624 rius
248 1555 367 1644 gladio
397 1563 559 1646 operari3
594 1571 632 1628 at
653 1584 716 1628 rex
738 1565 918 1629 subridens
939 1566 1095 1650 ejusdem

145 1661 297 1743 gladium
320 1662 385 1726 sibi
412 1663 488 1728 dari
511 1663 688 1747 praecepit,
720 1683 789 1746 quo
811 1672 963 1748 arrepto,
989 1667 1094 1730 alium

144 1763 314 1826 camelum
343 1763 409 1826 sibi
441 1771 689 1846 praesentatum
718 1767 900 1847 percussit,
929 1774 964 1831 et
989 1774 1096 1849 caput

145 1861 238 1925 illius
266 1863 341 1926 sine
364 1860 568 1927 difficultate
596 1863 763 1946 praecidit.
816 1864 942 1947 Sicque
966 1864 1095 1944 Arabs,

146 1962 236 2044 quod
257 1962 299 2025 de
316 1962 409 2044 regis
425 1963 556 2027 virtute
578 1963 749 2040 audierat,
770 1983 890 2028 verum
907 1984 983 2027 esse
1001 1985 1095 2028 com·

146 2062 294 2143 perienS,
314 2062 432 2126 multis
449 2063 486 2125 in
509 2081 604 2139 auro,
625 2070 785 2145 argento,
800 2062 912 2146 equis,
930 2083 971 2127 ac
993 2065 1096 2128 rebus

146 2161 306 2242 pretiosis
335 2163 536 2226 muneribus
563 2161 712 2240 collatis,
742 2162 817 2246 ejus
845 2163 912 2225 sibi
945 2164 1095 2244 gratiam

146 2261 371 2343 comparavit,
389 2267 424 2326 et
440 2281 599 2326 reversus
621 2263 664 2325 ad
686 2261 827 2345 propria
848 2261 940 2344 regis
958 2262 1096 2327 fortitu-

147 2359 260 2423 dinem
293 2360 451 2424 omnibus
480 2361 695 2444 praedicavit.
757 2361 892 2425 Deinde
917 2361 1008 2426 idem
1031 2383 1094 2426 rex

148 2459 470 2543 Hierosolymarum
493 2459 711 2542 magnificus,
738 2480 855 2525 mense
877 2461 901 2525 J
904 2462 974 2526 ulio
998 2462 1096 2526 incu-

146 2559 246 2623 rabili
270 2561 390 2623 morbo
409 2568 601 2642 correptus,
626 2567 798 2641 aegrotare
820 2563 939 2644 coepit,
962 2569 1009 2639 et,
1034 2562 1093 2625 ad-

147 2666 285 2742 sumpto
301 2659 461 2723 humanae
478 2658 602 2722 salutis
613 2658 756 2738 viatico,
773 2661 950 2725 confessor
964 2660 1095 2725 Christi

146 2758 236 2822 diem
250 2759 377 2822 clausit
394 2765 600 2836 extremum,
619 2778 697 2822 cum
711 2759 823 2823 beatis
846 2761 1025 2842 spiritibus
1041 2761 1094 2824 vi·

89 2931 92 2936 ,
145 2865 218 2921 tam
235 2877 460 2941 possessurus
481 2865 658 2922 aeternam.
712 2857 809 2922 Obiit
828 2866 944 2923 autem
961 2860 1095 2924 decimo

146 2959 266 3040 quinto
288 2956 456 3022 kalendas
479 2955 635 3038 Augusti
656 2959 739 3020 anni
768 2959 962 3041 praesentia,
985 2967 1020 3024 et
1043 2979 1096 3024 se·

145 3058 263 3140 pnltus
290 3065 345 3121 cst
371 3058 408 3120 in
437 3057 584 3121 ecclesia
616 3057 791 3122 Dominici
820 3059 1005 3140 sepulchri,
1031 3060 1095 3122 sub

144 3156 221 3221 loco
238 3156 423 3234 calvariae,
438 3157 498 3220 ubi
514 3164 551 3220 et
566 3159 822 3221 successoribus
841 3158 917 3241 ejus
935 3177 1045 3241 usque
1059 3155 1110 3221 in*

144 3264 350 3340 praesentem
380 3257 470 3320 diem
499 3276 562 3340 pro
587 3258 768 3340 sepultura
792 3258 890 3321 locus
912 3265 965 3321 est
987 3256 1096 3340 depu-

145 3363 252 3421 tatus.
313 3356 482 3434 Tandem,
509 3375 585 3422 cum
611 3377 673 3441 per
698 3365 769 3422 tres
794 3376 929 3421 menses
950 3376 1096 3438 regnum

146 3463 306 3521 vacasset
338 3454 709 3539 Hierosolymitanum,
736 3456 870 3541 judicio
902 3456 1094 3540 principum

145 3556 383 3620 universorum
411 3563 447 3620 et
471 3555 554 3620 cleri
583 3556 711 3620 citatus
743 3563 796 3620 est
824 3555 982 3620 dominus
1011 3555 1095 3620 Bal·

146 3657 313 3733 dewinus,
335 3656 445 3719 frater
466 3675 511 3718 ex
534 3662 683 3737 utroque
706 3662 851 3738 parente
872 3656 1026 3720 defuncti
1044 3675 1096 3718 re-

145 3757 211 3837 gis,
225 3762 265 3819 ut
278 3763 359 3839 post
374 3775 452 3820 enm
468 3773 547 3818 cum
562 3755 784 3821 festinatione
798 3756 991 3832 accederet,
1005 3756 1096 3819 sicut

140 3856 200 3939 jus
217 3855 424 3932 dictaverat,
440 3860 661 3936 regnaturus.
