2820 4882
309 415 375 481 266
567 432 698 479 uocum
722 433 769 479 un
792 432 1000 480 wunnovan

146 605 298 706 &puppam
310 588 551 671 conspicantes
584 589 729 653 militem
754 598 827 653 tam
851 589 957 654 libere
988 608 1092 671 super
1120 595 1263 671 pontem

146 706 290 756 iuraturos
309 690 478 767 incedere,
493 690 635 753 vocibus
658 689 731 752 suis
747 688 901 771 profanis
924 691 975 754 ita
988 688 1126 753 horride
1147 707 1262 752 aerem

148 758 168 797 S.
177 756 254 797 Patrio.

309 796 570 866 concusserunt,
596 789 688 871 quod
712 789 860 853 stridore
885 789 946 853 illo
975 790 1086 871 magis
1109 797 1186 853 erat
1209 797 1264 851 at-

309 891 442 954 tonitus
466 909 570 972 quam
594 889 751 952 illatione
773 896 1036 966 tormentorum,
1061 908 1140 970 quaa
1166 889 1264 971 prius

309 990 424 1054 fuerat
446 1009 468 1052 a
490 989 705 1053 daemonibus
727 1008 911 1070 perpessus
929 1009 937 1068 ;
970 989 1029 1052 alii
1051 988 1183 1066 hosteS,
1204 989 1265 1070 qui

310 1091 374 1154 sub
401 1097 508 1172 ponte
535 1089 571 1152 in
593 1088 735 1152 flumine
757 1095 868 1164 erant,
889 1109 996 1153 uncos
1021 1108 1102 1152 suos
1132 1087 1264 1151 ferreos

310 1198 346 1254 et
361 1189 491 1270 ignitos
508 1189 729 1273 projecerunt
746 1188 791 1252 ad
808 1189 919 1267 illum,
937 1189 997 1252 sed
1018 1188 1164 1251 militem
1187 1194 1266 1251 tan-

311 1309 392 1370 gere
408 1291 650 1371 nequiverunt,
667 1296 702 1353 et
718 1289 768 1352 sic
786 1289 923 1352 demum
940 1308 1060 1353 secure
1083 1288 1266 1370 processit,

311 1390 393 1471 quia
408 1389 494 1453 nihil
510 1389 576 1452 sibi
593 1388 805 1452 contrarium
821 1389 967 1454 invenit.

323 1599 325 1604 .
357 1561 445 1641 Quod
457 1562 543 1626 milas
558 1583 579 1624 a
594 1560 749 1626 pacatione
760 1561 929 1625 damonum
944 1559 1020 1625 liber
1033 1561 1152 1644 affactm
1166 1561 1219 1625 sit.

362 1685 466 1749 Miles
483 1686 602 1768 itaque
618 1686 783 1763 invictus,
795 1685 870 1769 jam
886 1686 974 1750 liber
988 1685 1101 1750 factus
1116 1705 1139 1750 a
1153 1705 1263 1751 vexa-

311 1786 405 1849 tione
428 1787 613 1867 spirituum
629 1786 894 1870 immundorum,
910 1786 999 1850 vidit
1021 1793 1102 1850 ante
1124 1805 1162 1849 se
1186 1807 1262 1850 mu-

311 1905 387 1947 rum
419 1877 538 1949 altum
562 1878 599 1950 et
624 1885 660 1948 in
694 1905 773 1950 aere
801 1885 985 1963 devexum,
1012 1885 1204 1949 mirabilem
1228 1893 1265 1950 et

311 1992 495 2049 structurae
526 1985 802 2067 impretiabilem,
829 1985 866 2049 in
894 2005 963 2068 quo
987 1993 1124 2067 portam
1145 2004 1262 2061 unam,

310 2085 371 2148 sed
395 2094 512 2149 tamen
535 2086 701 2162 clausam,
728 2086 913 2165 cernebat3
946 2084 1021 2150 hacc
1047 2086 1200 2149 metallis
1221 2104 1263 2149 ac

310 2184 471 2267 pretiosis
488 2192 659 2250 exornata
677 2184 849 2267 lapidibus
870 2186 1052 2268 splendore
1068 2185 1264 2249 admirabili

311 2285 483 2362 radiabat,
512 2286 687 2368 adquam
716 2304 794 2348 cum
824 2286 922 2350 miles
953 2285 1263 2368 appropinquaret,

310 2385 446 2466 patuit;
474 2392 597 2450 contra
610 2386 722 2467 ipsum
741 2405 842 2469 aquae
854 2393 961 2450 tantae
977 2385 1162 2483 suavitatis
1178 2385 1264 2449 odor

310 2485 343 2548 ei
359 2503 543 2549 occurrens
559 2486 681 2562 exivit,
692 2493 744 2562 ut,
753 2486 884 2550 viribus
899 2485 1052 2567 corporis
1063 2486 1261 2566 resumptis,

311 2592 484 2648 tormenta
501 2604 579 2666 quaa
598 2585 790 2667 pertulerat
806 2585 872 2650 sibi
894 2586 931 2648 in
952 2584 1169 2666 refrigerium
1186 2604 1263 2650 ver-

311 2691 479 2750 terentur.
531 2685 683 2767 Egressa
700 2693 754 2749 est
770 2685 860 2748 enim
883 2692 1004 2749 contra
1025 2685 1139 2766 ipsum
1165 2685 1263 2748 veni·

312 2791 438 2861 entem,
455 2804 534 2848 cum
557 2785 727 2863 crucibus,
751 2785 858 2848 cereis
881 2792 916 2848 et
928 2784 1079 2861 vexilliS,
1102 2804 1143 2849 ac
1166 2785 1263 2849 velut

312 2883 506 2966 palmarum
537 2903 719 2948 aurearum
746 2887 863 2962 ramis,
895 2891 967 2948 tam
995 2884 1156 2949 ordinata
1183 2905 1263 2967 pro-

313 2983 434 3060 cessio,
460 2984 552 3066 quod
580 3003 756 3068 nunquam
784 2985 863 3048 talis
885 2984 962 3048 visa
993 2984 1107 3048 fuerat
1129 2984 1167 3047 in
1197 2985 1263 3050 hoc

313 3084 465 3163 mund03
498 3085 731 3165 sequebantur
760 3083 928 3166 praedicta
953 3085 996 3147 de
1022 3084 1182 3148 omnibus
1206 3105 1263 3149 or-

313 3184 452 3247 dinibus
485 3184 665 3265 utriusque
697 3201 802 3248 sexus
834 3184 1002 3260 homines,
1029 3204 1176 3266 quorum
1203 3184 1264 3249 alii

313 3282 562 3366 archiepiscopi
585 3290 621 3348 et
642 3284 806 3366 episcopi,
830 3283 890 3347 alii
917 3285 1073 3362 abbates,
1098 3284 1261 3350 monachi

314 3390 350 3447 et
381 3384 585 3466 presbyteri,
609 3403 650 3447 ac
672 3384 888 3466 singulorum
909 3383 1063 3448 ecclesiae
1089 3384 1262 3465 graduum

313 3483 474 3560 ministri,
493 3484 553 3566 qui
576 3503 694 3547 omnes
717 3485 825 3547 sacris
848 3485 1002 3548 vestibus
1025 3491 1060 3548 et
1082 3485 1154 3550 suis
1170 3485 1264 3549 ordi·

314 3583 414 3647 nibus
437 3584 598 3666 congruis
621 3583 735 3647 induti
757 3584 900 3647 militem
923 3604 1002 3648 cum
1022 3583 1179 3667 jucunda
1202 3605 1263 3649 ve·

313 3684 491 3748 neratione
516 3690 743 3765 susceperunt
764 3691 869 3766 atque
891 3703 969 3747 cum
992 3691 1161 3748 concentu
1184 3683 1266 3747 har-

313 3784 437 3848 moniae
470 3784 637 3848 inauditae
670 3783 760 3846 infra
797 3790 934 3865 portam
966 3802 1083 3847 secum
1115 3783 1265 3848 feliciter

313 3883 564 3948 conduxerunt.
596 3883 714 3947 Finito
730 3884 849 3967 itaque
863 3891 1045 3961 concentu,
1062 3883 1131 3948 duo
1147 3885 1263 3949 archi·

314 3984 467 4066 episcopi
487 4004 565 4048 cum
588 4003 629 4047 eo
656 3984 838 4066 loquentes
864 3984 1116 4049 benedixerunt
1131 3985 1262 4063 Deum,

313 4084 481 4163 quitanta
499 4084 695 4148 constantia
707 4084 742 4147 in
761 4084 953 4161 tormentiS,
972 4103 1033 4165 per
1049 4105 1127 4167 quac
1143 4092 1262 4150 trans·

312 4182 353 4245 iit
378 4191 413 4246 et
444 4203 521 4265 quac
553 4185 708 4267 pertulit,
740 4185 815 4268 ejus
848 4184 997 4249 animam
1030 4185 1263 4251 confirmavit.
