2820 4882
422 433 562 482 rnosns
585 433 852 484 nisronmnuu.
1043 419 1118 484 las·

158 588 357 670 episcopum
388 598 646 667 consecrarunt,
675 598 711 653 et
735 591 766 653 ei
793 588 950 672 Lyddam
972 588 1241 698 Ramu·p·.⁰„¹⁰3,⁹,·

157 687 295 770 lamque
317 690 419 752 urbes
436 709 514 753 cum
535 690 744 753 suburbanis
766 689 1004 773 adjacentibus
1025 669 1264 772 pos-alcima

157 788 319 852 sidendas
340 789 420 872 jure
444 797 611 872 perpetuo
640 790 872 853 contulerunt.
925 788 1012 852 Inde
1038 790 1105 855 iter

156 895 406 971 prosequentes
450 889 560 968 nostri
607 888 805 970 Nicopolim
851 896 1103 970 pervenerunt;

157 996 209 1052 est
248 989 364 1052 autem
406 987 588 1071 Nicopolis
629 988 754 1052 civitas
790 987 991 1066 Palestinae,
1024 1008 1103 1071 quae

158 1089 254 1164 olim,
275 1088 357 1150 dum
378 1088 475 1152 vicus
492 1096 596 1165 esset,
616 1087 746 1151 Emaus
768 1087 958 1152 dicebatur.
1009 1087 1104 1151 Ante

158 1189 247 1252 banc
264 1188 395 1264 urbem,
409 1188 468 1251 ubi
480 1186 641 1251 Christus
654 1208 732 1251 cum
742 1186 897 1269 Cleopha
908 1187 1103 1250 ambulasse

157 1295 237 1370 post
268 1288 553 1352 resurrectionem
589 1287 821 1369 cognoscitur,
855 1287 932 1350 fons
963 1286 1103 1369 quidam

158 1395 211 1451 est
243 1386 419 1463 salutaris,
441 1387 478 1451 in
506 1407 575 1470 quo
603 1386 758 1451 homines
788 1386 916 1449 infirmi
941 1387 1103 1450 simulet

154 1487 315 1570 jumenta
347 1487 467 1550 abluta
494 1506 517 1549 a
545 1487 690 1550 diversis
723 1486 949 1567 languoribus
982 1505 1103 1549 emun·
1131 1490 1133 1497 ’

158 1586 310 1664 dantur3
346 1606 427 1649 nam
459 1585 619 1650 Christus
654 1593 808 1668 ternpore
844 1585 993 1668 quodam
1025 1605 1103 1648 cum

157 1686 336 1768 discipulis
369 1687 441 1748 suis
463 1705 524 1768 per
553 1687 683 1750 sontem
713 1685 884 1749 transiens
911 1684 1038 1749 dicitur
1067 1686 1110 1748 in-

157 1806 197 1849 eo
221 1785 328 1868 pedes
357 1804 441 1849 suos
469 1784 608 1862 lavisse,
644 1805 689 1849 ex
716 1804 785 1867 quo
811 1785 904 1848 facta
936 1792 990 1850 est
1013 1804 1104 1868 aqua

158 1885 372 1948 diversarum
389 1885 600 1949 medicamen
619 1885 830 1967 passionum.

231 2055 328 2120 Tucci
342 2055 495 2121 civitatem
509 2067 648 2122 sunctum
662 2059 817 2137 muniunt,
834 2059 1027 2123 Christianos

544 2157 718 2243 spoliantes.

207 2281 316 2346 Turci
338 2282 487 2358 interim,
506 2283 566 2363 qui
589 2283 626 2345 in
650 2281 871 2346 Hierusalem
889 2282 1105 2360 habitabant,
1115 2302 1207 2352 elegeos

156 2380 414 2464 peregrinorum
457 2389 705 2463 cognoscentes
746 2383 945 2460 adventum,
985 2383 1105 2447 urbem
1114 2354 1240 2394 'mm

156 2482 366 2545 communire
395 2500 473 2544 cum
496 2481 589 2545 omni
615 2480 847 2546 sollicitudine
875 2483 1104 2564 satagebant3

157 2600 178 2644 a
200 2580 359 2645 fidelibus
382 2601 520 2663 quoque
545 2582 690 2658 cunctis,
713 2583 829 2664 quiin
860 2583 944 2646 urbe
969 2582 1105 2646 habita-

155 2683 252 2757 bant,
274 2681 438 2745 universa
460 2701 564 2764 quam
588 2681 761 2745 habebant
783 2687 923 2765 extorta
946 2683 1104 2763 pecunia,

157 2789 192 2845 et
207 2780 371 2863 quicquid
390 2782 516 2844 babere
532 2780 749 2858 videbantur,
767 2787 838 2845 tam
858 2800 879 2844 a
894 2781 1104 2863 patriarcha,

157 2881 216 2962 qui
233 2881 310 2943 urbi
324 2887 485 2964 praeerat,
500 2898 602 2960 quam
622 2900 643 2943 a
658 2880 787 2963 populo
804 2887 879 2944 toto
895 2880 1104 2964 quatuorde-

158 2980 225 3044 cim
255 2999 435 3044 aureorum
458 2977 567 3041 millia
593 2980 829 3058 abstulerunt;
853 2981 978 3062 quibus
1004 2981 1104 3044 bonis

156 3080 316 3143 omnibus
345 3078 515 3160 spoliatis,
542 3079 721 3144 universos
751 3079 796 3141 ab
827 3080 920 3157 urbe,
950 3081 1105 3161 exceptis

156 3179 296 3243 senibus
313 3185 349 3242 et
363 3178 521 3255 infirmiS,
544 3177 745 3242 mulieribus
764 3185 799 3241 et
814 3178 981 3261 parvulis,
999 3177 1104 3260 depu-

156 3280 281 3343 lerunt.
345 3276 526 3359 Peregrini
547 3279 691 3354 interea,
713 3278 838 3360 quibus
864 3295 962 3340 mora
984 3296 1106 3358 proce-

156 3378 259 3442 dendi
280 3377 474 3461 periculosa
491 3377 685 3454 videbatur,
708 3396 841 3441 summo
862 3375 1013 3439 diluculo
1027 3395 1105 3442 cum

156 3478 292 3543 fervore
323 3478 391 3559 piae
422 3477 617 3542 devotionis
646 3477 713 3541 iter
747 3475 988 3558 aggredientes
1019 3483 1054 3539 et
1086 3497 1106 3540 o

157 3579 271 3643 vicino
291 3577 409 3641 urbem
429 3584 585 3641 sanctam
608 3571 845 3641 ¹Hierusalem
870 3574 1107 3658 contemplan-

134 3674 222 3754 λος,
246 3696 324 3741 cum
351 3677 483 3758 gemitu
502 3685 538 3741 et
559 3677 742 3759 lachrymis
762 3694 835 3759 pree
858 3675 987 3757 gaudio
1008 3674 1106 3752 fusis,

157 3777 259 3841 nudis
288 3777 444 3858 vestigiis
468 3784 586 3860 coepto
610 3777 726 3840 itineri
753 3775 943 3840 ferventius
971 3774 1107 3839 instite-

193 3954 200 3984 ¹
223 3956 379 4005 Hiemuulem
402 3954 618 4019 contemplantes]
643 3955 702 4006 lem.
730 3950 1023 4016 Fulleradds,‘Allbad
1031 3953 1107 4003 much

156 4027 282 4087 Compare
304 4025 346 4074 the
369 4026 475 4086 spirited
496 4025 620 4074 narrative
645 4025 693 4074 ado
710 4029 735 4073 to
752 4038 858 4085 manage
876 4038 904 4072 so
922 4026 993 4084 great
1007 4036 1023 4070 a
1037 4023 1109 4086 glod-

157 4099 186 4146 of
205 4098 301 4145 Robert
316 4094 358 4144 the
381 4096 463 4144 Monk
488 4110 555 4157 upon
578 4094 620 4142 the
645 4091 734 4144 nesse?
764 4095 834 4156 Holy
845 4095 944 4154 Warre,
956 4107 982 4154 p.
994 4095 1035 4145 39.

157 4160 305 4217 Crusaders'
325 4166 378 4214 first
396 4167 462 4215 view
481 4165 510 4214 oi
518 4166 621 4215 Jerusa-
