2820 4882
438 414 577 463 monus
602 416 872 466 ursroniinuu.
1061 404 1121 468 161

171 567 257 632 duce
279 568 575 648 Normannorum‚
593 573 684 654 regis
699 571 852 637 defuncti
869 573 975 637 fratre
996 576 1121 656 primo·
1136 598 1190 639 un.
1203 601 1257 640 noo.

169 668 301 748 genito,
322 671 382 751 qui
401 671 477 755 jam
501 692 564 754 per
587 672 859 754 quinquennium
885 673 921 736 in
950 677 1121 757 expediti·

169 787 236 831 one
254 769 577 854 Hierosolymitana
593 791 725 835 moram
747 780 979 854 protraxerat,
995 776 1118 840 timue·

167 876 249 932 runt
261 869 321 932 din
335 871 410 934 sine
427 871 592 953 regimine
609 872 792 950 vacillare3
821 872 914 954 quod
931 873 1118 953 Henricus,

167 965 313 1032 fratrum
339 971 481 1035 ultimus
508 978 544 1034 et
565 971 706 1054 juvenis
729 973 1015 1053 sapientissimus,
1039 995 1117 1039 cum

166 1066 291 1132 callide
316 1070 549 1150 cognovisset,
575 1077 789 1152 congregato
816 1071 1000 1135 Londoniis
1025 1074 1117 1139 clero

165 1162 307 1247 Angliae
339 1175 375 1231 et
401 1167 531 1253 populo
563 1170 736 1248 universo,
767 1171 926 1253 promisit
956 1174 1116 1238 emenda·

165 1263 297 1329 tionem
330 1267 458 1348 legum,
490 1269 617 1349 quibus
648 1289 815 1353 oppressa
845 1270 959 1335 fuerat
986 1270 1117 1354 Angliu

166 1369 322 1447 ternpore
347 1367 457 1448 patris
484 1368 539 1431 sui
561 1375 596 1432 et
615 1367 732 1432 fratris
757 1389 867 1451 nuper
888 1370 1053 1449 defuncti,
1076 1382 1117 1438 ut

165 1464 299 1528 animos
327 1467 479 1530 omnium
502 1467 538 1529 in
564 1468 619 1531 sui
641 1469 891 1550 promotionem
914 1472 1116 1538 accenderet

166 1570 201 1626 et
214 1583 380 1643 amorem,
396 1566 448 1630 ita
468 1566 620 1630 utillum
640 1568 676 1630 in
701 1587 817 1649 regem
840 1568 1056 1652 susciperent
1079 1582 1116 1638 et

165 1670 360 1745 patronum.
414 1664 469 1731 Ad
486 1666 561 1729 haec
574 1667 666 1730 clero
682 1667 911 1749 respondente
923 1676 958 1733 et
971 1690 1114 1753 magna·

163 1762 257 1826 tibus
281 1766 428 1842 cunctis,
454 1765 546 1847 qnod
566 1766 597 1828 si
621 1767 736 1829 animo
750 1767 888 1832 volente
907 1767 993 1850 ipsis
1011 1771 1115 1835 vellet

164 1863 351 1928 concedere
375 1872 411 1929 et
436 1865 557 1928 charta
580 1885 646 1928 sua
670 1867 881 1930 communire
908 1868 988 1932 illas
1010 1869 1113 1933 liber-

164 1967 255 2026 tates
284 1971 319 2028 et
337 1965 604 2029 consuetudines
626 1966 801 2047 antiquas,
819 1986 898 2048 quae
924 1967 1114 2033 floruerunt

163 2062 198 2125 in
212 2081 322 2144 regno
339 2071 493 2146 tempore
510 2066 622 2128 sancti
638 2066 731 2146 regis
750 2065 923 2142 Edwardi,
940 2066 976 2128 in
998 2067 1111 2148 ipsum

162 2163 398 2227 consentirent
428 2172 465 2227 et
494 2164 530 2227 in
552 2183 669 2246 regem
695 2165 904 2229 unanimiter
932 2183 1113 2229 consecra·

161 2270 248 2326 rent.
302 2261 457 2327 Henrico
481 2271 597 2327 autem
622 2262 688 2328 hoc
708 2264 854 2328 libenter
871 2273 1056 2343 annuente,
1078 2275 1114 2331 et

162 2381 200 2425 se
214 2361 250 2425 id
268 2361 440 2426 facturum
461 2383 539 2427 cum
554 2363 753 2448 juramento
768 2362 972 2441 affirmante,
989 2383 1111 2429 conso-

161 2469 280 2526 cratus
309 2470 364 2526 est
388 2463 424 2525 in
449 2482 568 2545 regem
593 2464 686 2546 apud
704 2463 1053 2529 Westmonasterium
1076 2466 1112 2528 in

161 2554 231 2625 die¹
243 2561 503 2646 Assumptionis
520 2563 632 2627 beatae
652 2564 788 2639 Mariae,
808 2563 946 2627 favente
968 2564 1060 2631 clero
1078 2574 1113 2628 et

162 2662 310 2745 populo;
345 2663 406 2744 qui
432 2665 610 2739 continuo,
629 2683 705 2727 cum
721 2663 835 2726 iuerat
849 2663 1043 2728 diademate
1059 2666 1111 2728 in·

161 2762 323 2843 signitas,
340 2762 404 2827 has
420 2757 615 2827 ²libertutes
635 2763 847 2844 subscriptas
867 2765 903 2827 in
928 2784 1048 2846 regno,
1067 2765 1110 2829 ad

161 2862 410 2927 exaltationem
435 2870 567 2926 sanctae
594 2862 749 2926 ecclesiae
776 2870 810 2926 et
832 2882 952 2945 pacem
980 2864 1111 2946 populi,

160 2962 328 3026 tenendas
345 2963 526 3027 concessit.

179 3104 229 3201 Do
245 3135 447 3214 libutotibus,
461 3159 539 3222 quos
553 3161 607 3202 reo
622 3140 779 3204 Heoricus
793 3141 828 3204 in
843 3162 932 3224 rayno
947 3140 1091 3204 tenendos

558 3250 700 3304 cucuso

210 3361 421 3440 ‘Henricus
438 3364 505 3428 Dei
523 3365 638 3446 gratia
650 3385 712 3428 rex
727 3362 878 3444 Angliee,
902 3362 1048 3443 Hugoni
1067 3363 1110 3427 de
1122 3387 1261 3428 nnenmir.

161 3460 337 3526 Boclande
362 3462 557 3527 vicecomiti
586 3471 621 3528 et
651 3463 811 3527 omnibus
840 3461 999 3525 fidelibus
1025 3464 1110 3540 suis,

157 3567 230 3624 tam
258 3561 403 3626 Francis
429 3582 533 3645 quarn
557 3561 694 3645 Anglis,
716 3563 752 3624 in
771 3555 1109 3640 ³Heresordeschire,

157 3660 317 3726 salutem.
357 3662 482 3727 Sciatis
496 3681 550 3726 me
560 3663 628 3726 Dei
645 3662 879 3725 misericordia
892 3668 929 3725 et
938 3664 1110 3726 communi

193 3852 261 3904 ¹Die
271 3853 453 3918 diremptionis
471 3854 547 3904 beate
563 3856 621 3904 Mc·
681 3851 936 3916 ³Heresordesclire.]
948 3855 1010 3902 This
1018 3855 1110 3905 should

156 3925 224 3988 rim]
240 3925 295 3974 'lhe
307 3925 367 3974 roth
379 3926 408 3973 oi
414 3925 528 3988 August.
646 3926 677 3973 be
697 3923 896 3985 Hertlordshire,
915 3927 941 3970 to
963 3924 1005 3973 the
1025 3925 1115 3975 eheriff

192 3992 370 4058 'Libertutes.]
396 3993 421 4044 A
440 4009 506 4056 copy
524 3994 553 4044 oi
571 3994 622 4043 this
646 3993 675 4042 of
682 3992 767 4041 which
774 3993 917 4042 Wendover
926 3992 1060 4044 addresses
1068 3996 1111 4046 the

155 4064 257 4115 charter
268 4079 327 4126 may
338 4066 370 4113 be
381 4065 436 4113 eleo
446 4064 526 4112 found
542 4065 569 4113 in
581 4064 623 4112 the
648 4063 756 4123 chartei,
771 4077 800 4111 as
817 4062 859 4111 the
876 4067 970 4125 county
987 4065 1012 4112 in
1027 4065 1112 4116 which

156 4136 253 4185 'l'extus
270 4133 406 4196 Roffensis,
427 4133 489 4184 edit.
510 4134 625 4194 Heame,
648 4133 675 4181 S.
687 4127 792 4181 Albnn's
804 4146 858 4180 wne
870 4133 989 4183 situated.

157 4221 184 4268 p.
197 4210 238 4254 51.

207 4295 288 4347 VOL,
306 4294 345 4342 11.
851 4334 870 4359 ,
935 4295 961 4340 Μ
