2820 4882
410 439 549 488 riorus
571 439 845 489 msronrsnou.
1040 425 1106 488 lor

156 609 187 664 nt
208 600 347 664 civibus
362 599 592 664 Antiochenis
608 599 801 664 subsidium
821 599 945 663 serant.
999 599 1106 663 Vide-
1118 620 1242 681 numm

156 709 205 764 tur
219 701 321 777 mihi,
338 700 433 783 quod
447 701 492 764 ad
506 700 571 764 boc
585 699 728 764 deberet
743 701 856 764 omnis
871 708 992 765 nostra
1009 701 1105 763 sesti·
1118 673 1267 763 m.

156 820 233 864 nare
246 802 412 878 intentio,
426 808 468 864 ut
483 809 565 864 ante
580 801 686 884 hujus
701 800 890 864 adventum
913 801 1106 864 multitudi-

156 902 201 964 nis
225 901 357 965 civitas
380 902 417 964 in
447 909 604 965 nostram
634 900 862 964 descenderet
884 908 1106 983 potestatem.

158 1000 256 1092 Quod
274 1003 308 1064 si
325 1000 465 1064 modum
487 1001 658 1082 quaeritis,
681 1020 750 1083 quc
770 1000 806 1064 id
831 1000 969 1064 effectui
991 1000 1108 1065 valeat

157 1103 361 1184 mancipari,
382 1102 419 1164 in
441 1108 605 1183 promptu
628 1108 683 1164 est
703 1101 805 1164 nobis
820 1101 891 1177 via,
913 1119 984 1182 qua
1006 1100 1108 1164 facile

158 1202 194 1265 ad
218 1201 327 1265 finem
349 1202 593 1284 perveniamus
614 1207 797 1283 optatum3
830 1200 942 1264 babeo
963 1200 1109 1263 enimin

157 1301 297 1367 civitate
313 1302 461 1365 amicum
481 1300 629 1378 fidelem,
647 1302 708 1384 qui
724 1302 845 1364 turrim
868 1300 973 1364 babet
989 1300 1025 1362 in
1045 1318 1109 1363 sua

159 1409 330 1484 potestate
352 1400 597 1477 firmissimam,
619 1420 725 1484 quam
748 1401 852 1464 certis
874 1400 1109 1483 promissioni-

160 1503 232 1580 buS,
249 1503 282 1565 si
305 1501 402 1565 illam
426 1503 471 1564 ub
487 1521 530 1565 eo
550 1521 714 1583 exegero,
731 1501 799 1564 fide
816 1501 990 1565 mediante
1004 1501 1110 1582 resig-

160 1622 239 1666 nare
260 1609 412 1681 tenetur.
464 1600 502 1664 Si
524 1620 609 1683 ergo
625 1602 725 1666 vobis
747 1601 782 1664 id
804 1601 890 1665 utile
904 1601 1052 1678 videtur,
1072 1609 1111 1665 nt

161 1703 282 1767 civitas
301 1721 379 1766 mea
394 1701 628 1766 sollicitudine
643 1702 831 1788 subjugata
846 1702 882 1765 in
902 1720 1012 1765 meam
1034 1721 1110 1783 per-

161 1802 348 1886 petualiter
370 1809 406 1866 et
429 1820 668 1866 successorum
691 1822 845 1866 meorum
870 1809 1025 1865 transeat
1050 1821 1112 1884 po·

163 1910 339 1978 testatem,
356 1908 501 1985 paratus
524 1922 601 1966 sum
623 1909 729 1985 pacta
750 1901 944 1986 complere3
975 1902 1030 1965 sin
1052 1921 1114 1964 uu-

163 2011 229 2067 tem
258 2003 417 2066 elaboret
441 2011 595 2068 vestrum
622 2003 749 2084 aliquis
775 2002 819 2066 ad
849 2004 962 2085 ipsum
988 2001 1113 2077 facero,

163 2123 224 2186 ego
246 2103 302 2167 illi
325 2121 438 2167 meam
462 2102 614 2168 concedo
640 2110 774 2184 partem
802 2111 838 2167 et
860 2102 1022 2166 renuntio
1041 2100 1114 2183 juri

164 2203 261 2268 meo.'

279 2329 329 2392 De
344 2329 484 2412 captione
497 2326 669 2391 Antiochia
682 2335 710 2389 et
724 2325 831 2411 spoliis
843 2327 991 2391 ciuitatis.

211 2443 282 2509 His
311 2444 364 2509 ita
391 2444 506 2522 dictis,
535 2443 647 2526 gavisi
679 2451 762 2507 sunt
786 2445 959 2526 principes
985 2446 1114 2527 gaudio
1126 2472 1209 2522 rung
1218 2472 1240 2511 οι

164 2565 303 2628 magno,
312 2551 349 2609 et
363 2545 524 2628 petitioni
535 2542 637 2608 sactae
651 2562 782 2620 omneS,
797 2537 939 2627 ¹praeter
954 2547 1114 2610 comitem
1127 2523 1224 2563 Δωσὼ

164 2645 415 2723 Tholosanum,
440 2652 542 2726 grato
570 2651 815 2708 concurrentes
843 2663 998 2724 assensu,
1025 2645 1115 2711 datis

165 2744 310 2824 dextris,
332 2745 652 2827 compromiserunt,
676 2744 768 2826 quod
786 2745 851 2807 sibi
868 2745 1035 2808 creditum
1058 2767 1115 2810 ne-

165 2844 248 2910 mini
280 2845 476 2909 revelarent
503 2863 695 2924 arcanum;
728 2845 970 2909 Boamundum
1000 2854 1115 2910 autem

166 2944 335 3010 attentius
359 2951 512 3023 monent,
528 2952 700 3028 quatenus
720 2943 765 3008 ad
782 2945 831 3007 rei
848 2947 1116 3010 consummatio*-

165 3066 244 3110 nem
267 3046 399 3109 viribus
424 3046 507 3109 totis
535 3045 704 3109 intendat.
757 3043 879 3109 Soluto
904 3045 1011 3128 igitur
1033 3066 1115 3111 con-

165 3153 286 3223 ventu,
315 3133 554 3222 BoamunduS,
584 3143 800 3228 propositum
832 3165 972 3228 urgens,
1005 3148 1116 3211 amico

166 3245 389 3328 significavit,
407 3243 499 3327 quod
517 3244 609 3326 apud
624 3244 797 3327 principes
812 3265 875 3327 pro
892 3253 974 3311 voto
992 3255 1117 3310 cuncta

165 3347 426 3430 impetraverat,
442 3345 533 3408 unde
556 3364 617 3428 per
634 3344 736 3407 fidem
759 3345 907 3409 amicum
929 3346 1056 3412 invitat
1077 3354 1118 3411 ut

138 3465 142 3476 ·
167 3454 271 3511 nocte
287 3445 448 3530 proxima
469 3453 635 3528 sequente
657 3464 712 3508 res
730 3443 867 3508 effectui
890 3448 1116 3531 mancipetur.

169 3545 312 3631 Emyser
327 3566 346 3610 e
361 3546 534 3610 contrario
543 3544 748 3609 Boamundo
763 3544 959 3624 denuntiat,
972 3556 1012 3612 ut
1027 3549 1118 3612 circa

168 3647 289 3713 horam
314 3665 441 3711 nonam
463 3647 636 3730 principes
651 3664 769 3709 omnes
787 3647 1022 3726 egrediantur,
1040 3656 1118 3712 tan·

169 3767 276 3830 quam
301 3747 459 3811 hostibus
481 3747 620 3811 obviam
642 3745 830 3829 profecturi
855 3747 898 3810 dc
922 3748 1058 3826 castris,
1085 3756 1121 3829 et

169 3849 262 3912 eirea
289 3847 437 3930 primam
463 3847 575 3910 noctis
596 3846 753 3927 vigiliam
780 3846 816 3909 in
843 3848 982 3911 silentio
1007 3868 1119 3912 rever-

170 3954 284 4013 tentes
296 3948 420 4029 ,parati
443 3947 513 4012 sint
535 3946 622 4011 hora
645 3946 757 4009 noctis
782 3947 896 4010 media
918 3947 1025 4031 juxta
1044 3949 1121 4033 ejus

172 4050 307 4113 monita
324 4066 361 4111 se
378 4048 517 4110 habere.
560 4045 663 4124 Quod
678 4065 755 4109 oum
770 4047 821 4110 ita
836 4047 967 4111 factum
985 4048 1119 4125 suisset,

206 4201 321 4251 ¹Praeter
328 4200 438 4248 comitem
452 4200 640 4263 Troianum]
668 4200 722 4249 that
738 4201 780 4249 the
792 4202 944 4262 proposition
956 4220 1010 4253 was
1021 4205 1123 4254 refused

173 4273 276 4322 Baldric
303 4271 354 4343 and
376 4271 532 4321 Tudebodus
563 4276 644 4320 assent
670 4272 702 4332 by
715 4271 764 4332 all;
781 4277 891 4334 ppido,
903 4277 960 4324 792.
