2820 4882
308 380 351 444 12
560 393 694 440 coenni
718 393 765 438 on
789 391 996 439 wcnoovun

143 572 198 610 ao.
210 572 265 611 1072.
308 559 413 628 runt;
448 557 494 627 ct,
524 550 578 611 his
608 549 722 624 dictis,
750 548 865 629 imago
893 548 1047 612 defuncti
1079 549 1260 632 disparuit.

145 623 237 670 “W
307 650 407 713 Tunc
425 650 558 724 vivenS,
579 650 679 712 bonis
697 648 769 711 suis
787 649 945 711 omnibus
964 669 1026 730 per
1043 649 1209 714 ccclesias
1227 660 1262 714 et

308 768 435 830 egenos
469 748 674 825 distributis,
706 756 864 811 sanctum
897 749 1076 812 Melanum
1109 750 1196 814 adiit
1227 757 1263 814 ct

308 849 463 912 habitum
480 850 648 927 mutavit3
673 868 791 911 omnes
805 847 995 912 'audientes
1018 849 1209 914 admonens
1227 857 1262 913 et

307 949 464 1012 videntes
488 949 530 1012 de
554 950 669 1012 subita
691 949 915 1012 conversione
943 968 1007 1011 sua
1033 958 1073 1013 ut
1096 949 1261 1026 dicerent,

307 1054 317 1080 ‘
334 1048 424 1112 Haec
440 1056 494 1112 est
508 1049 655 1113 mutatio
670 1048 824 1112 dexterae
844 1048 1008 1112 Excelsi.'

338 1221 388 1284 De
405 1220 601 1285 ventilatione
618 1243 716 1284 cause
730 1220 811 1284 iuter
825 1220 964 1284 ecclesius
982 1221 1238 1304 Contuccieosem

646 1331 675 1385 ct
689 1319 919 1384 Ehorcceosem.

144 1467 279 1566 ffifficoyi
358 1445 487 1508 Eodem
504 1465 596 1509 anno
609 1439 718 1528 ¹apud
731 1444 1009 1510 windleshoram
1026 1465 1071 1509 ex
1086 1453 1262 1528 praecepto
1312 1527 1315 1533 .

145 1569 239 1607 between
251 1569 287 1608 tn
308 1542 502 1609 Alexandri
518 1566 630 1627 papae,
651 1566 733 1626 rege
755 1546 860 1608 etiam
877 1541 1053 1609 Willclmo
1076 1553 1263 1621 annuente,

145 1619 283 1657 seciorem·
310 1645 317 1658 .

145 1668 282 1716 erumna
308 1665 343 1708 1n
369 1647 555 1726 praesentia
580 1645 732 1709 Huberti
756 1645 926 1708 Romanae
958 1645 1112 1709 ecclesiae
1141 1644 1262 1726 legati,

145 1717 211 1756 Μ’
307 1745 477 1808 ventilata
499 1753 553 1808 est
565 1765 681 1809 causa
700 1745 743 1808 de
762 1745 913 1826 primatu
936 1746 1090 1809 ccclesiae
1107 1743 1261 1808 Cantua-

307 1845 431 1908 riensis
453 1864 557 1927 super
576 1845 756 1908 ecclesiam
775 1844 1039 1909 Eboracensem.
1093 1845 1163 1908 Ubi
1181 1852 1259 1909 tan·

307 1945 385 2007 dem
402 1945 622 2027 antiquarum
639 1945 904 2008 auctoritatibus
921 1945 1168 2026 scripturarum
1184 1932 1263 2026 p'ro-

307 2046 426 2108 batum
449 2052 503 2108 est
522 2051 558 2108 et
579 2052 769 2120 ostensum,
787 2044 879 2126 quod
904 2045 1131 2108 Eboracensis
1153 2045 1262 2108 eccle-

307 2145 359 2210 sia
375 2146 500 2209 debeat
515 2145 694 2228 subjacere
712 2144 866 2207 ecclesiae
880 2143 1135 2220 Cantuariensi,
1152 2150 1188 2207 et
1205 2146 1259 2226 ip·

307 2246 380 2308 sius
405 2244 666 2327 archiepiscopi,
687 2251 727 2307 ut
748 2245 906 2325 primatis
932 2245 1040 2308 totius
1056 2244 1261 2321 Britanniae,

307 2344 589 2426 dispositionibus
612 2343 648 2405 in
671 2345 828 2406 omnibus
856 2363 934 2425 quae
957 2344 1001 2407 ad
1027 2341 1260 2408 Christianam

307 2444 481 2524 pertinent
506 2443 706 2523 religionem
727 2443 874 2508 fideliter
894 2444 1054 2521 obedire3
1083 2444 1134 2506 ita
1155 2445 1261 2525 quod,

308 2544 339 2606 si
361 2543 639 2625 archiepiscopus
657 2542 916 2607 Cantuariensis
937 2543 1119 2606 concilium
1137 2562 1262 2625 cogere

308 2643 456 2707 voluerit
477 2644 672 2725 ubicunque
694 2642 759 2706 sibi
782 2643 866 2706 utile
891 2643 1003 2736 visum
1025 2643 1141 2719 fuerit,
1170 2644 1262 2708 Ebo-

309 2743 460 2808 recensis
477 2743 767 2826 archiepiscopus
784 2763 862 2806 curn
878 2743 1035 2806 omnibus
1050 2742 1122 2805 suis
1135 2743 1260 2808 suffra-

309 2843 428 2922 ganeis
449 2851 484 2907 ct
506 2844 671 2926 subjectis
689 2844 833 2920 clericis,
852 2844 906 2906 sui
923 2844 1144 2925 praesentiam
1159 2843 1259 2906 exhi·

308 2943 389 3005 beat
419 2941 563 3024 ejusque
585 2944 762 3007 canonicis
785 2943 1070 3024 dispositionibus
1093 2943 1257 3006 obediens

309 3041 449 3104 existat.
506 3042 786 3106 Benedictioncm
817 3045 921 3106 ctiam
954 3043 1184 3124 episcopalem
1215 3045 1260 3106 ab

309 3140 385 3223 ipso
413 3141 515 3204 debet
542 3143 709 3224 accipere,
733 3150 767 3205 et
792 3143 823 3205 ei
847 3144 1048 3206 canonicam
1074 3143 1260 3224 professio·

309 3261 399 3319 nem,
428 3241 546 3306 addito
568 3242 779 3325 juramento,
802 3250 980 3323 praestare.
1034 3241 1129 3305 Huic
1152 3243 1262 3323 igitur

308 3343 547 3407 constitutioni
571 3349 819 3407 consenserunt
836 3351 904 3404 'rex
927 3341 1093 3424 praefatus
1116 3348 1152 3404 et
1169 3342 1260 3406 Lan-

307 3440 446 3504 francus
475 3442 752 3524 archiepiscopus
768 3440 1029 3505 Cantuariensis
1052 3449 1087 3505 ct
1105 3441 1259 3507 Thomas

308 3540 585 3625 archiepiscopus
602 3542 841 3617 Eboracensis,
859 3561 935 3604 cum
961 3541 1127 3623 praedicto
1149 3544 1260 3606 cardi-

309 3639 379 3704 nali
396 3649 431 3704 ct
447 3642 604 3704 omnibus
621 3642 791 3724 episcopis
807 3650 841 3705 et
859 3643 1042 3705 abbatibus
1058 3643 1168 3723 regni.

385 3815 539 3894 Quocirca
561 3814 732 3880 Willclmus
749 3814 986 3879 Cenomanorum
1001 3813 1186 3900 subjecerit.

146 3953 200 3992 un.
212 3951 269 3992 1⁰⁷³-
358 3936 460 4003 Anno
479 3939 619 4003 Domini
637 3957 805 4003 ornxxnr.
821 3960 884 4003 rex
900 3939 1096 4004 Willelmus
1111 3941 1146 4002 in
1164 3940 1258 4004 Nor-

343 4109 350 4138 ¹
362 4112 436 4176 Apud
460 4114 661 4166 Wiodleshoram.
675 4116 686 4179 ]
714 4115 767 4165 The
775 4117 780 4246 Ι
795 4118 896 4177 printed
914 4118 1073 4180 inWilkins,
1086 4117 1214 4168 Conciti.
1229 4127 1259 4180 p.

307 4185 472 4246 proceedings
490 4185 519 4233 oi
534 4185 584 4233 this
606 4188 705 4235 council
724 4202 767 4235 arc
795 4191 850 4236 324.
1071 4207 1075 4214 ·
