2820 4882
415 412 555 464 riorus
577 412 846 465 ursronrrauu.
1039 397 1105 465 151

152 622 242 702 Quod
263 623 329 689 aa
341 625 597 689 Normaaooruiu
611 621 760 688 liebertus
773 631 801 688 a
815 643 908 686 omncs
921 620 1102 688 Fioadroa·

393 725 437 789 sis
450 724 640 810 adpropriet
655 732 726 788 aaut
742 723 864 786 reuersi.

203 847 273 911 His
294 849 346 913 ita
366 849 455 914 bene
476 847 597 930 gestis,
623 847 697 911 dux
721 846 1003 911 Normannorum
1026 845 1236 950 Roffibuaff

148 948 269 1012 bertus
288 957 324 1013 et
341 968 456 1014 comes
479 947 715 1024 Flandrensis,
730 954 969 1011 consummato
992 945 1100 1011 felici.
1110 920 1264 1002 interim..

149 1055 204 1112 ier
224 1049 512 1130 peregrinationis
529 1055 624 1125 voto,
641 1047 685 1110 ad
702 1047 845 1129 propria
861 1054 944 1110 sunt
960 1048 1098 1111 reversi.
1111 1054 1229 1146 mindo
1241 1056 1266 1096 ot

150 1140 327 1212 Tradunt¹
346 1155 462 1212 autem
481 1147 634 1230 quidam,
651 1146 744 1228 quod
764 1146 836 1209 dux
854 1144 1042 1224 Robertus,
1059 1166 1100 1211 eo
1111 1117 1240 1247 ffiffid

150 1245 245 1328 quod
278 1266 424 1328 regnum
458 1245 815 1329 Hierosolymitanum
848 1246 913 1309 sibi
946 1245 1100 1309 oblatum
1112 1260 1191 1296 return·

150 1346 304 1428 recipere
326 1346 488 1423 noluerit,
506 1345 657 1409 offensus
678 1346 715 1409 in
735 1365 814 1408 eum
839 1344 936 1408 Deus
960 1345 1046 1409 nihil
1069 1346 1101 1410 ei

149 1445 313 1529 deinceps
345 1465 548 1528 prosperum
583 1446 664 1508 dum
704 1445 793 1509 vixit
823 1445 982 1523 contulit,
1009 1446 1101 1510 sicut

149 1563 300 1626 sequeus
326 1545 471 1609 historia
496 1545 699 1609 declarabit.
752 1543 971 1626 Principibus
993 1545 1101 1626 igitur

150 1644 195 1708 ad
211 1645 352 1728 propria
372 1645 638 1722 revertentibus,
660 1663 724 1706 rex
741 1642 963 1721 Godefridus,
981 1643 1100 1708 deten-

149 1751 187 1808 to
201 1763 319 1810 secum
335 1745 411 1810 viro
428 1744 535 1808 nobili
552 1743 746 1819 Tancredo,
759 1751 795 1808 et
811 1743 853 1806 de
867 1742 958 1807 Gres
975 1744 1100 1808 comite

151 1842 322 1921 Gamero,
338 1852 374 1908 et
384 1844 462 1908 aliis
478 1843 684 1926 quibusdam
698 1842 782 1907 viris
794 1842 994 1919 occidentis,
1005 1859 1098 1906 corn·

149 1944 294 2007 missum
318 1944 385 2009 sibi
406 1962 428 2008 a
450 1942 529 2006 Deo
554 1962 699 2024 regnum
722 1942 987 2006 administrabat
1010 1948 1099 2004 stre·

149 2061 217 2106 nne
234 2049 272 2106 et
287 2043 485 2124 prudenter.
527 2040 709 2107 Concessit
725 2049 840 2105 autem
858 2041 938 2123 jure
953 2039 1099 2103 haeredi-

150 2142 240 2207 tario
264 2143 507 2226 possidendam
528 2143 648 2205 urbem
670 2140 972 2227 Tyberiadcnsem,
995 2158 1100 2221 super

148 2241 264 2307 lacum
276 2240 433 2307 Genesar
445 2243 561 2318 sitam,
576 2259 655 2305 cum
669 2240 835 2304 comitatu
853 2246 928 2304 toto
940 2237 1099 2317 Galileae,

150 2349 186 2406 et
208 2340 401 2425 caypham,
425 2360 503 2425 qnae
533 2341 603 2405 alio
625 2340 764 2404 nomine
796 2337 991 2422 Porphyris
1012 2337 1097 2401 dici·

150 2448 219 2519 tur,
235 2443 355 2506 urbem
372 2441 592 2517 maritimam,
612 2428 958 2515 domino‘Taucredo,
975 2438 1011 2500 in
1028 2457 1096 2519 quo

149 2541 346 2624 principatu
364 2542 416 2605 ita
431 2541 509 2605 Deo
524 2540 662 2622 placere
675 2537 820 2615 studuit,
834 2537 927 2619 quod
941 2538 1098 2619 usquein

149 2649 356 2722 praesentem
374 2639 466 2704 diem
488 2639 643 2703 ecclesiae
666 2638 817 2718 regionis
839 2636 933 2700 illius
954 2636 998 2700 de
1021 2635 1097 2719 ejus

149 2740 342 2821 patrocinio
364 2739 579 2820 gloriantur3
603 2737 663 2820 qui
688 2736 779 2800 infra
804 2736 978 2800 biennium
1004 2742 1097 2818 post,

149 2839 281 2904 meritis
303 2837 535 2919 exigentibus,
551 2836 597 2900 ad
613 2835 843 2919 principatum
860 2842 1004 2900 vocatus
1023 2833 1097 2898 An·

147 2938 358 3014 tiochenum,
379 2937 475 3001 illam
499 2935 696 3002 nobilitavit
716 2935 908 3011 ecclesiam,
925 2953 946 2998 a
963 2942 1097 3017 tempo·

148 3039 244 3130 ribus
258 3038 413 3120 pristinis
435 3037 634 3118 gloriosam,
649 3035 798 3117 plurima
812 3033 1013 3115 largiend03
1036 3033 1098 3098 sed

148 3145 185 3201 et
211 3137 457 3219 principatum,
486 3135 644 3217 pluribus
674 3132 871 3217 subjugatis
895 3133 1037 3196 urbibus
1063 3138 1099 3196 et

148 3235 313 3314 castellis,
326 3235 429 3318 longe
444 3235 584 3316 lateque
598 3233 724 3297 finibus
738 3232 893 3296 dilatatis
905 3231 1097 3313 ampliavit.

205 3408 329 3474 Daritis
342 3414 454 3474 suada
468 3406 606 3471 ciuitatis
622 3416 650 3471 ct
666 3403 793 3470 orbibus
808 3402 1044 3488 circumpositis.

199 3524 403 3597 Civitatem²
424 3537 581 3599 sanctam
601 3528 824 3594 Hierusalem
838 3527 875 3590 in
893 3526 1098 3589 sublimibus
1111 3538 1254 3630 mm
1286 3497 1293 3515 ’

185 3713 525 3778 ¹Traruntaatemqauam.]
533 3713 609 3764 Gom·
633 3704 791 3762 undertook!
827 3708 899 3770 Holy
909 3708 1008 3766 Warre,
1018 3724 1045 3771 p.
1056 3712 1097 3759 48.

150 3802 212 3850 pare
235 3788 325 3847 above,
345 3800 373 3847 p.
385 3788 443 3845 145,
461 3788 526 3845 note,
545 3782 608 3831 with
669 3779 824 3829 'Civitatem
839 3775 967 3837 muctam]
989 3778 1038 3827 For
1055 3779 1098 3827 the

149 3858 240 3918 Henry
257 3855 287 3905 ol
309 3854 486 3915 Huntingdon,
505 3869 531 3915 p.
552 3856 609 3902 377.
634 3850 765 3910 following
773 3849 927 3908 description
938 3847 967 3896 of
973 3848 1015 3897 the
1027 3847 1098 3909 Holy

57 3963 61 3972 .
148 3928 222 3975 ‘But
243 3925 275 3974 he
297 3925 357 3975 who
375 3923 463 3972 would
485 3928 529 3971 not
549 3921 610 3970 take
636 3916 1099 3981 City,compareBed.deLocc.Sunc·

149 3995 192 4045 the
213 4009 299 4045 crown
321 3993 431 4043 without
452 3993 495 4041 the
518 4006 612 4054 croese,
636 3991 679 4051 tis,
689 3993 749 4037 tom.
761 3990 799 4037 iii.
811 3988 860 4037 col.
874 3987 1055 4047 errassemus
1065 3988 1098 4037 de

149 4079 205 4114 was
216 4065 270 4113 sain
280 4069 307 4112 to
314 4063 375 4112 take
385 4063 428 4111 the
443 4076 527 4110 croese
537 4061 613 4110 with·
636 4056 1101 4118 Vitriac0,interGestaDeiperFrun·

150 4141 195 4185 out
211 4134 254 4184 the
273 4147 367 4193 crovio,
377 4132 429 4181 and
444 4146 521 4180 never
534 4131 613 4179 thriv-
638 4143 691 4190 cos,
701 4143 728 4194 p.
741 4130 885 4189 1⁰⁷7,seqq.
894 4127 953 4174 with
961 4123 1101 4177 Pococke’s

150 4206 182 4254 ed
206 4203 358 4254 afterwards
386 4203 412 4250 in
435 4201 558 4262 anything
581 4199 613 4248 he
636 4199 752 4260 Travels,
762 4200 822 4247 tom.
833 4196 862 4245 ii.
873 4199 930 4257 part
940 4197 959 4246 i.
970 4213 996 4259 p.
1011 4203 1034 4247 l.
