2820 4882
364 409 503 457 recens
526 409 796 458 nrsronrunun.
991 395 1058 459 283

108 573 224 644 nente‚
240 574 276 630 et
298 566 398 630 salvo
417 568 519 632 heato
543 567 650 631 Petro
669 568 713 631 de
732 568 879 650 singulis
898 569 1057 633 domibus
1070 586 1193 626 sonna

108 685 224 730 annua
242 667 346 729 unius
363 666 496 729 denarii
512 667 687 748 pensione.
721 667 813 731 Sane
829 687 948 732 omnes
960 669 1057 731 insu·

108 765 174 842 las,
188 765 313 848 quibus
330 765 384 829 sol
394 765 542 848 justitiae
553 764 713 829 Christus
727 767 845 830 illuxit
859 776 895 832 et
909 787 987 848 quae
996 767 1058 831 do-

108 872 269 928 cumenta
288 864 368 927 fidei
386 863 594 928 Christianae
615 872 853 948 susceperunt,
869 865 913 928 ad
924 865 985 948 jus
1002 867 1056 929 be-

109 964 159 1027 ati
176 963 273 1028 Petri
293 971 329 1027 et
350 970 582 1028 sacrosanctae
599 963 769 1029 Romanae
782 965 949 1041 ecclesiae,
963 967 1055 1046 quod

110 1070 171 1126 tua
193 1063 298 1125 etiam
319 1062 483 1126 nobilitas
502 1063 730 1144 recognoscit,
750 1083 820 1126 non
841 1069 895 1126 est
913 1064 1056 1127 dubium

108 1162 300 1242 pertinere3
325 1161 355 1225 si
376 1181 461 1241 ergo
479 1161 571 1244 quod
591 1163 707 1225 animo
723 1162 912 1244 concepisti
932 1162 1056 1226 effectu

109 1260 251 1323 duxeris
273 1266 503 1342 prosequente
520 1260 773 1343 complendum,
790 1261 892 1325 stude
917 1268 1056 1342 gentem

109 1359 205 1422 illam
229 1360 329 1422 bonis
353 1361 505 1422 moribus
528 1359 726 1437 informare,
743 1368 779 1424 et
798 1379 884 1441 agas
901 1367 972 1424 tam
995 1382 1058 1444 per

109 1466 144 1522 te
171 1477 276 1539 quam
308 1478 370 1540 per
401 1457 492 1534 illos,
522 1478 609 1540 quos
639 1458 684 1522 ad
712 1459 778 1524 hoe
805 1459 872 1524 fide
894 1461 999 1524 verbo
1022 1469 1058 1525 et

109 1559 184 1622 vita
209 1558 352 1621 idoneos
380 1575 456 1621 esse
486 1559 717 1640 perspexeris,
740 1568 779 1624 ut
806 1559 987 1623 decoretur
1008 1560 1057 1622 ibi

109 1656 267 1734 ecclesia,
285 1657 462 1740 plantetur
476 1665 512 1721 et
529 1665 663 1722 crescat
679 1659 759 1721 fidei
776 1658 983 1722 Christianae
1003 1678 1057 1722 re-

110 1757 206 1838 ligio,
224 1765 260 1821 ct
277 1776 355 1838 quae
378 1756 423 1820 ad
444 1757 608 1821 honorem
635 1757 702 1820 Dei
724 1765 760 1822 et
779 1758 925 1821 salutem
950 1759 1055 1840 perti·

110 1863 193 1918 nent
216 1856 408 1919 animarum
437 1854 554 1921 taliter
581 1856 795 1934 ordinentur,
817 1864 858 1921 ut
879 1864 915 1921 et
940 1878 962 1921 e
980 1859 1057 1921 Deo

109 1956 328 2036 sempiternae
357 1945 524 2018 mercedis
552 1955 727 2018 cumulum
752 1957 918 2037 consequi
947 1976 1056 2019 mere-

109 2054 191 2130 aris,
215 2060 251 2117 et
273 2054 310 2117 in
330 2055 432 2118 terris
451 2053 638 2135 gloriosum
662 2075 786 2119 nomen
805 2056 924 2119 valeas
946 2055 982 2118 iu
1004 2074 1058 2118 se-

110 2153 197 2216 culis
212 2153 390 2217 obtinere?
404 2176 411 2186 “

123 2325 173 2387 De
187 2324 360 2390 incentivae
372 2326 482 2390 tnnicae
496 2325 692 2392 inconsutilis
706 2325 838 2391 Domini
852 2323 1032 2389 Sainnns

161 2447 266 2513 Anno
280 2449 421 2514 Domini
434 2467 558 2515 ncnvl.
576 2451 613 2513 in
626 2470 718 2533 pago
734 2449 978 2527 Parisiacensi,
988 2469 1060 2513 mo-
1071 2468 1127 2508 no.
1139 2469 1194 2557 ps.

113 2549 264 2614 nasterio
274 2548 493 2630 Argentoilo,
506 2550 718 2614 revelatione
731 2550 976 2614 divinatumca
985 2519 1126 2613 Sal-'⁴⁰⁸⁰
1071 2519 1141 2568 'm

112 2648 244 2712 vetoris
257 2648 473 2712 inconsutilis
487 2657 524 2713 et
537 2648 691 2712 subfusci
704 2649 828 2712 coloris
841 2657 979 2730 reperta
993 2657 1058 2726 est,

112 2748 329 2830 quam,sicut
340 2748 450 2812 literae
462 2768 540 2811 cum
552 2768 594 2812 ea
604 2756 751 2830 repertae
761 2747 972 2824 indicebant,
984 2748 1059 2828 glo-

112 2848 206 2910 riosa
222 2854 332 2910 mater
347 2847 422 2930 ejus
438 2847 568 2913 fecerat
585 2848 616 2910 ei
631 2849 712 2911 dum
727 2847 839 2912 adhuc
853 2867 940 2930 puer
954 2854 1056 2910 esset.

114 2946 244 3010 Eodem
256 2964 350 3010 anno
359 2966 423 3010 rex
439 2945 665 3011 Henricusin
680 2947 931 3011 Normanniam
944 2954 1057 3010 trans-

113 3047 189 3109 iens
208 3045 302 3128 cepit
324 3046 432 3127 longa
451 3046 629 3110 obsidione
653 3046 798 3110 castella
823 3040 1058 3110 ¹Mirebellum

112 3153 148 3209 et
164 3144 367 3222 Chinonem,
384 3144 582 3208 losdunum
600 3164 683 3209 vero
700 3153 804 3209 antea
822 3145 859 3208 in
873 3144 935 3227 jus
957 3162 1057 3206 suum

112 3249 315 3326 receperat3
347 3263 427 3308 nem
458 3252 494 3310 ct
517 3245 621 3327 paulo
649 3251 730 3308 ante
753 3263 832 3306 cum
854 3243 961 3307 frater
982 3241 1058 3324 ejus

113 3342 318 3420 Gaufridus,
342 3345 414 3426 qui,
441 3345 589 3427 expulso
618 3345 743 3407 comite
768 3343 960 3407 Britanniae
982 3340 1059 3406 Ho-

113 3443 181 3519 clo,
199 3442 444 3520 Nanneticam,
456 3444 589 3508 civibus
601 3443 907 3518 consentientibus,
920 3449 1059 3523 ceperat

112 3542 390 3619 civitatem‚.hac
417 3542 614 3607 conditione
641 3562 719 3606 cum
750 3561 831 3624 rege
856 3541 1058 3624 pacificatus

113 3647 180 3718 est,
208 3649 249 3705 ut
272 3661 336 3705 rex
361 3642 460 3706 daret
482 3644 514 3706 ei
539 3641 686 3722 singulis
709 3642 810 3705 annis
831 3641 925 3705 mille
953 3640 1059 3703 libras

113 3738 274 3821 Anglicee
296 3748 444 3805 monetae
460 3749 497 3805 et
515 3733 832 3822 ²Andegavensium
851 3740 920 3804 duo
939 3739 1059 3814 millia,

149 3903 324 3956 ¹Mirebellsm
340 3943 346 3956 .
364 3941 372 3956 .
390 3942 397 3957 .
413 3906 573 3968 Menan]
602 3905 719 3968 English,
739 3905 778 3955 lor
798 3906 923 3954 Hovedeu
944 3906 970 3953 in
989 3905 1022 3955 R.
1041 3906 1059 3953 i.

113 3976 259 4038 Mirabeau,
271 3976 380 4039 Chiuon,
393 3977 443 4025 and
456 3976 573 4025 Loudou.
600 3991 626 4036 p.
640 3980 699 4038 384,
708 3977 733 4025 b.
748 3991 818 4038 says,
829 3976 885 4024 One
896 3989 981 4036 penny
991 3977 1060 4036 Eng-

150 4043 396 4109 ²AndegnosasinmJ
405 4048 415 4081 <⁴
424 4046 481 4096 One
490 4061 573 4107 penny
599 4046 649 4094 lish
661 4060 717 4094 was
727 4051 753 4094 to
765 4060 797 4107 go
812 4047 838 4093 in
849 4047 884 4094 all
900 4045 1012 4094 markets
1023 4045 1061 4094 for

113 4115 142 4164 oi
167 4116 277 4178 Arp'ovin
299 4130 388 4176 money
411 4130 465 4164 was
489 4117 536 4164 but
558 4132 574 4165 a
600 4115 779 4178 iourhnjovin
787 4115 884 4178 peuce!
917 4115 1061 4178 l'yrrell,ii.

113 4184 262 4247 fourthpurt
270 4184 482 4234 citheralueofa
490 4200 572 4247 penny
599 4202 625 4248 p.
638 4190 696 4236 302.
