2820 4882
439 421 578 470 rnonrs
602 421 876 472 ursrorunnuu.
1082 411 1125 476 31

172 579 314 657 fecerat,
341 587 441 664 patre
467 578 580 644 adhuc
609 580 774 661 vivente3
807 601 876 664 quo
910 590 1062 662 anctore,
1088 586 1190 649 inan.
1201 607 1256 646 10⁸7.

128 760 131 765 Ι
171 680 226 744 die
239 687 441 745 sanctorum
453 688 646 765 martyrum
660 680 795 745 Cosmae
810 689 845 745 et
860 683 1036 763 Damiaui,
1049 685 1124 748 An·

172 781 254 862 gliae
276 781 435 845 diadema
459 781 620 864 adeptae,
642 782 811 864 rqunnm
831 782 964 865 hyemis
987 792 1124 868 tempus

171 880 410 945 favorabiliter
418 882 600 962 transegit.
633 880 870 946 Veruntamen
883 884 1014 948 nobiles
1024 884 1122 968 regni

170 979 243 1045 fere
266 1001 398 1059 omneS,
418 1003 487 1045 non
508 983 583 1045 sine
605 982 757 1064 perjurio
781 983 817 1044 in
831 982 1045 1048 Willelmum
1068 1006 1122 1049 re·

169 1100 249 1162 gem
259 1082 335 1166 jam
351 1089 552 1145 coronatum
566 1081 658 1144 bella
671 1089 861 1158 moventes,
878 1088 914 1145 et
929 1083 1121 1148 Robertum

169 1181 313 1245 fratrem
325 1182 401 1265 ejus
414 1181 681 1264 primogenitum
693 1182 728 1244 in
743 1201 887 1262 regnum
902 1182 1121 1265 adoptantes,

167 1281 203 1345 in
226 1282 301 1345 suis
320 1283 467 1364 quisque
488 1281 675 1364 provinciis
696 1281 939 1346 debacchatur.
990 1283 1120 1348 Eodem

128 1412 131 1418 ·
168 1370 261 1445 anno
292 1381 457 1446 Saraceni
487 1381 638 1463 Hispani
663 1382 700 1443 in
728 1380 945 1445 Christianos
976 1383 1119 1462 efferati,

168 1502 252 1546 mox
275 1483 320 1546 ab
348 1481 538 1546 Aldofonso
566 1500 648 1562 rege
671 1479 816 1544 G'aliciae
847 1481 891 1544 ad
915 1501 979 1545 sna
1009 1483 1120 1548 redire

168 1582 351 1664 compulsi,
373 1581 541 1664 quasdam
566 1582 681 1657 urheS,
704 1600 791 1662 quas
820 1581 902 1645 olim
925 1590 1120 1661 tenuerant,

168 1683 370 1745 amiserunt.
424 1681 503 1744 Hoc
518 1681 665 1763 denique
689 1687 843 1762 temporo
860 1701 922 1744 rex
940 1683 1120 1747 Danorum

166 1776 300 1846 Cnuto¹
318 1801 340 1844 a
354 1781 427 1844 suis
443 1781 671 1862 interemptus
686 1787 750 1844 est.

286 1955 337 2018 Dc
353 1953 577 2040 conspiratione
593 1961 773 2039 naupactum
787 1964 896 2020 contro
910 1976 1009 2040 repam

548 2053 746 2118 Wilhlmom.

216 2178 323 2244 Anno
342 2178 483 2243 Domini
506 2195 725 2242 Muxxxvrn.
741 2197 820 2241 cum
842 2197 906 2241 rex
922 2177 1118 2242 Willelmns
1128 2210 1176 2250 M,
1195 2213 1251 2254 10⁸⁸,

167 2280 209 2344 ad
223 2280 377 2344 natalem
395 2279 537 2344 Domini
559 2280 688 2342 curiam
708 2297 806 2341 suam
822 2277 969 2341 Londini
987 2281 1117 2343 tenuis·
1127 2262 1278 2362 fgbffi'm,

165 2388 229 2457 sot,
246 2388 370 2463 postea
386 2379 424 2443 in
444 2380 543 2443 initio
561 2381 651 2443 veris
673 2379 800 2442 bellum
819 2385 940 2442 contra
958 2378 1115 2445 Odonem

167 2490 329 2562 patruum
356 2500 465 2543 suum
499 2480 609 2542 movit
640 2479 839 2560 episcopum
875 2479 1113 2545 Baiocensem.

168 2580 260 2644 Nam
279 2600 359 2643 cum
380 2580 440 2643 ille
465 2579 599 2642 solutus
622 2598 644 2642 a
665 2579 812 2643 vinculis
839 2578 1031 2642 Robertum
1054 2600 1114 2643 ne·

166 2689 281 2762 potem
306 2700 407 2743 suum
428 2681 465 2742 in
480 2679 608 2742 ducatu
624 2678 847 2743 Normanniae
865 2678 1113 2758 confirmasset,

168 2781 331 2862 Angliam
350 2780 447 2844 venit
464 2785 498 2842 et
525 2781 660 2861 accepit
686 2798 731 2841 ex
754 2779 845 2842 dono
869 2779 960 2859 regis
978 2777 1113 2844 Cantiae

166 2882 391 2958 comitatum3
423 2879 483 2942 sed
509 2899 588 2942 cum
611 2879 727 2942 omnia
752 2898 822 2943 non
844 2898 907 2960 pro
931 2897 994 2942 suo
1022 2881 1113 2942 arbi·

167 2987 273 3057 tratu,
301 2986 341 3042 ut
364 2979 458 3055 olim,
482 2979 519 3042 in
542 2998 650 3060 regno
674 2978 811 3060 disponi
834 2978 978 3054 videret,
1004 2978 1112 3045 livore

164 3098 350 3162 percussus
372 3098 393 3141 a
414 3098 495 3160 rege
517 3078 675 3154 descivit,
699 3085 734 3141 et
755 3074 883 3140 multos
910 3077 1029 3141 eodem
1053 3099 1112 3141 su-

165 3199 265 3243 surru
283 3180 320 3240 in
335 3175 466 3260 Anglia
488 3177 686 3242 maculavit.
739 3177 895 3241 Roberto
911 3177 1010 3240 fratri
1033 3197 1112 3259 reg-

165 3299 246 3342 num
284 3286 477 3362 competere
509 3278 609 3354 dixit,
641 3276 701 3359 qui
729 3276 904 3360 juveniles
943 3276 1112 3340 stultitias

164 3379 283 3442 multis
292 3379 367 3462 jam
381 3379 556 3442 laboribus
573 3378 748 3459 mitigaret
761 3398 769 3456 3
798 3376 1011 3440 Willelmum
1029 3375 1115 3439 deli-

163 3487 240 3544 cate
269 3479 438 3542 nutritum
464 3476 623 3554 affirmat,
650 3483 723 3540 tam
747 3475 863 3540 animo
886 3495 991 3558 quam
1012 3472 1113 3539 vultu

162 3598 238 3643 esse
254 3578 416 3655 ferocem,
438 3584 577 3660 pectore
600 3576 771 3653 timidum,
788 3577 905 3639 omnia
921 3582 1042 3638 contra
1051 3575 1112 3658 jus

161 3686 196 3742 et
211 3678 266 3740 fas
283 3686 412 3742 temere
426 3677 499 3742 fore
515 3677 726 3753 moliturum,
741 3684 781 3740 ut
795 3676 943 3738 honores
956 3674 1031 3757 jam
1049 3674 1111 3736 du-

163 3778 245 3840 dum
261 3779 379 3841 multis
393 3776 577 3841 sudoribus
592 3776 784 3859 adquisitos
798 3777 970 3839 amittant.
1003 3767 1113 3838 ²Haec

196 4003 321 4068 ιὠνία]
334 4005 377 4054 He
387 4019 442 4053 was
453 4003 588 4052 murdered
598 4003 625 4050 in
684 3998 767 4049 ⁹Hoec
784 4000 847 4049 idem
866 4000 948 4063 Oria]
973 4000 1113 4050 Ordericus

158 4077 202 4126 the
225 4075 321 4125 church
340 4075 369 4124 of
385 4075 512 4136 Odensee,
530 4089 563 4123 on
581 4073 624 4121 the
649 4072 741 4120 Vitalir
763 4075 822 4131 puts
840 4072 892 4119 into
912 4071 954 4119 the
976 4071 1063 4119 mouth
1086 4070 1115 4119 of

159 4147 219 4196 loth
241 4146 307 4206 July
328 4149 411 4207 1⁰863
435 4145 523 4206 Antiq.
541 4144 626 4194 Celto·
650 4141 720 4190 these
731 4155 789 4189 men
799 4155 815 4189 a
826 4141 927 4202 speech,
939 4142 965 4189 in
976 4140 1061 4189 which
1069 4140 1112 4189 the

156 4217 253 4266 Scauri.
263 4231 291 4278 p.
302 4219 360 4265 228.
612 4267 615 4272 ⁴
648 4225 751 4261 reasons
772 4210 810 4259 for
831 4211 897 4260 their
923 4211 1044 4260 rebellior
1068 4223 1111 4258 are
