2820 4882
360 422 382 484 4
615 434 750 481 uocum
774 434 821 480 nn
847 432 1052 481 wannovnn

199 614 254 653 an.
267 612 322 652 roeo.
361 593 530 658 vomicam
548 593 735 657 irritantes.
787 592 1025 657 Veruntamen
1048 589 1123 653 haec
1136 590 1230 653 mala
1243 608 1311 653 non

363 693 405 757 de
430 695 588 757 omnibus
615 693 709 758 dicta
734 692 922 774 intelligas,
946 712 1024 755 cnm
1050 690 1177 753 multos
1201 690 1312 753 omnis

363 795 571 857 conditionis
591 794 745 857 homines
763 802 798 855 et
814 793 995 873 dignitatis
1018 791 1055 853 in
1070 789 1190 853 eadem
1209 795 1312 870 gente

362 901 498 958 constet
513 895 664 957 Domino
682 894 865 976 placuisse.

412 1068 552 1146 Qualiter
567 1089 620 1131 reo
643 1066 815 1131 Wo‘bbeboooos
831 1067 988 1130 anoo'ooo
1006 1063 1119 1128 obsedit
1134 1072 1163 1127 et
1176 1061 1268 1146 cepit.

201 1207 294 1257 sagea
414 1193 544 1256 Eodem
576 1200 731 1274 tempore
764 1211 826 1254 rex
851 1191 1048 1254 Willelmus
1072 1183 1209 1252 ¹urbem
1244 1186 1315 1248 Ex-

200 1259 286 1299 ΕΜ
363 1293 477 1356 oniam
504 1292 569 1354 sm
592 1293 752 1355 rendam
781 1291 959 1355 obsidione
981 1290 1136 1365 vallavit,
1160 1287 1220 1350 uu
1238 1286 1314 1367 qui-

362 1393 443 1454 dam
459 1399 555 1454 stans
570 1392 699 1455 nudato
714 1391 855 1473 inguine
879 1392 995 1454 sonitu
1018 1389 1126 1472 partis
1140 1385 1313 1450 inferioris

363 1512 466 1555 auras
483 1493 649 1568 turbavit,
666 1492 701 1554 in
714 1498 948 1574 contemptum
966 1491 1125 1554 videlicet
1139 1486 1315 1551 Norman-

363 1612 506 1672 norum;
538 1591 628 1655 unde
656 1591 853 1656 Willelmus
881 1592 916 1654 in
939 1591 1024 1653 iram
1048 1605 1236 1652 conversus
1264 1586 1312 1648 ci·

363 1692 507 1755 vitatem
529 1692 598 1755 levi
617 1693 758 1771 negotio
781 1691 1002 1775 subjugavit;
1027 1689 1149 1752 deinde
1163 1681 1311 1751 ²Eb0ra-

364 1810 443 1854 cum
468 1801 601 1874 petenS,
624 1811 701 1854 eam
726 1792 863 1873 penitus
891 1790 1031 1874 delevit,
1054 1790 1187 1853 civibus
1212 1787 1312 1848 flam-

364 1910 421 1955 ma
444 1891 603 1974 ferroque
628 1892 770 1954 necatis.
824 1891 894 1970 Qui
919 1898 1035 1954 autem
1059 1891 1103 1952 ab
1124 1889 1190 1951 hac
1214 1884 1313 1950 clade

364 1992 510 2055 evadere
525 1999 723 2074 potuerunt,
740 1991 784 2054 ad
801 2011 918 2072 regem
936 1991 1159 2054 Malcolmum
1174 1988 1210 2050 in
1227 1986 1312 2050 Sco-

362 2091 447 2154 tiam
458 2091 699 2173 confugerunt,
715 2093 775 2173 qui
798 2111 916 2155 omnes
931 2089 1123 2171 Anglorum
1146 2086 1312 2170 profugas

363 2191 510 2255 libenter
538 2191 737 2272 recipiebat,
766 2198 801 2254 et
827 2191 973 2271 singulis
1001 2196 1245 2263 tutamentum,
1276 2186 1312 2248 in

363 2299 533 2370 quantum
560 2296 709 2371 poterat,
737 2290 967 2373 impendebat,
992 2295 1134 2372 propter
1159 2305 1311 2351 sororem

363 2388 516 2469 Eadgari
540 2389 789 2470 Margaretam,
812 2409 916 2471 quam
944 2390 1009 2452 sibi
1035 2388 1165 2452 fecerat
1191 2387 1311 2469 conju-

362 2490 496 2570 galem3
520 2488 619 2572 cujus
636 2508 743 2553 causa
766 2490 995 2553 conterminas
1010 2488 1149 2570 Angliae
1171 2487 1312 2569 provin·

362 2589 433 2652 cias
450 2589 581 2671 rapinis
604 2596 640 2652 et
652 2589 819 2653 incendiis
841 2589 1036 2652 infestabat.
1090 2587 1313 2669 Quapropter

364 2707 425 2750 rex
441 2688 651 2764 Willelmus,
666 2697 788 2752 coacta
802 2689 949 2752 militum
966 2696 1001 2751 et
1015 2688 1169 2770 peditum
1194 2686 1312 2749 multi·

363 2788 482 2852 tudine
512 2789 666 2870 copiosa,
692 2790 905 2871 aquilonales
933 2787 1073 2869 Anghae
1102 2793 1220 2870 partes
1252 2805 1312 2868 pe·

363 2893 452 2963 tenS,
467 2889 574 2951 totius
592 2889 743 2970 regionis
758 2891 872 2965 urbes,
887 2890 993 2964 vicos,
1012 2908 1115 2969 agros
1133 2894 1168 2950 et
1183 2886 1313 2969 oppida

363 2989 495 3051 conteri
520 2994 555 3050 et
571 2987 689 3070 fruges
704 2983 715 3019 ³
717 2989 819 3071 jubet
834 2989 915 3068 igne
936 2988 1091 3053 consumi
1105 3008 1113 3066 ;
1137 2987 1312 3050 maritima

362 3087 525 3162 maxime,
549 3106 626 3150 cum
653 3096 794 3170 propter
817 3095 989 3151 recentem
1013 3089 1113 3163 iram,
1130 3094 1205 3149 tum
1229 3087 1312 3168 quia

364 3185 558 3252 Cnutonem
576 3188 756 3252 Danorum
781 3208 898 3270 regem
915 3187 1103 3251 adventare
1120 3207 1237 3249 rumor
1255 3206 1311 3250 as-

362 3290 510 3365 serebat,
534 3296 574 3351 ut
599 3288 684 3350 nihil
713 3290 805 3351 circa
830 3289 935 3351 maris
967 3285 1174 3369 crepidinem
1192 3286 1311 3351 vitalis

361 3389 504 3451 subsidii
531 3387 648 3470 praedo
677 3388 844 3469 piraticus
870 3389 1049 3451 inveniret.
1104 3386 1313 3450 Malcolmus

361 3505 499 3569 quoque
524 3507 586 3550 rex
602 3488 645 3550 ad
669 3507 792 3550 manus
807 3487 954 3551 veniens·
965 3487 1172 3550 deditionem
1195 3487 1312 3551 cessit.

397 3741 404 3772 ¹
429 3742 518 3791 Urbem
551 3739 704 3800 Erosium]
742 3741 823 3804 Many
848 3743 943 3804 lowing
964 3757 1035 3804 year,
1058 3741 1193 3803 according
1221 3746 1247 3790 to
1270 3743 1312 3792 the

361 3811 437 3861 MSS.
445 3813 509 3861 have
518 3813 526 3840 ‘
535 3812 679 3874 Oxoniam,'
690 3828 706 3861 a
717 3812 823 3875 reading
847 3813 932 3862 Saxon
944 3812 1075 3861 Chmnicle
1087 3811 1136 3859 and
1149 3811 1280 3864 Florence.

359 3880 444 3930 which
466 3896 554 3943 agrees
573 3882 635 3930 with
655 3899 671 3931 a
690 3886 823 3932 statement
882 3880 979 3932 ⁸Jabet
986 3882 1043 3945 igue
1051 3882 1177 3944 consumi]
1189 3882 1243 3932 The
1251 3884 1312 3933 land

359 3951 386 3998 in
397 3951 544 4012 Domesday
556 3952 640 4015 Book,
655 3953 710 4001 that
727 3957 754 4001 at
771 3954 821 4002 this
848 3952 931 4002 which
948 3954 1000 4001 had
1028 3951 1152 4014 belonged
1169 3956 1194 3999 to
1218 3950 1312 4003 Edwin

358 4021 418 4068 time
439 4020 537 4069 Orsord
548 4036 603 4070 was
621 4023 696 4071 much
715 4023 821 4083 spoiled.
847 4024 896 4072 and
920 4024 1023 4072 Morcar
1042 4024 1076 4071 'in
1103 4022 1145 4070 the
1163 4021 1311 4086 Domesday

358 4091 492 4141 Introdto
504 4091 659 4155 Domesday‚
670 4109 697 4154 p.
710 4097 766 4141 194.
847 4095 944 4154 Survey
968 4095 991 4142 is
1026 4095 1116 4142 almost
1149 4094 1312 4154 everywhere

846 4165 980 4213 described
1013 4178 1042 4212 as
1077 4159 1211 4212 ‘wasta’
1264 4165 1312 4214 See

392 4228 403 4260 ²
414 4231 549 4280 Eboracum
558 4236 643 4294 petens
651 4226 675 4299 ;]
688 4233 714 4280 in
725 4232 766 4280 the
774 4232 821 4281 fol·
847 4234 967 4284 Malmsb.
979 4249 1005 4295 p.
1018 4237 1076 4297 1123,
1086 4237 1140 4280 aole
1150 4231 1168 4281 ².
