2820 4882
426 419 564 468 riorus
588 419 858 468 nrsronrnnon.
1047 407 1113 472 403

161 576 322 653 concilio,
336 577 506 640 credimus
523 584 559 641 et
573 578 779 642 confitemur
790 598 868 642 cum
886 577 1005 656 Petro,
1019 581 1110 662 quod
1124 602 1179 640 nn.
1191 603 1247 640 rito.

160 695 231 738 una
255 674 415 759 quaedam
438 696 573 740 summa
592 697 648 741 res
671 685 737 755 est,
758 653 1239 761 inmmprehensibilisloilill‘

161 776 300 857 quidem
321 783 357 840 et
373 775 568 854 ineffabilis,
586 797 664 860 quae
684 779 854 843 veraciter
875 786 928 843 est
948 778 1055 843 Pater
1076 753 1262 845 mmmm

163 876 274 939 Filius
290 883 326 940 ct
342 875 492 958 Spiritus
507 877 668 954 Sanctus,
688 885 759 941 tres
776 878 878 942 simul
895 899 1052 960 personae
1070 900 1121 945 ac¹

160 975 339 1056 sigillatim
358 976 521 1058 quaelibet
537 977 741 1056 earundcm3
764 985 800 1041 et
814 979 891 1041 ideo
908 979 945 1042 in
964 977 1041 1043 Deo
1056 999 1112 1044 so-

160 1074 336 1139 lummodo
362 1075 500 1139 trinitas
528 1082 581 1139 est
608 1082 643 1139 et
675 1096 744 1140 non
770 1078 999 1158 quaternitas,
1029 1080 1111 1160 quia

160 1175 324 1256 quaelibet
343 1175 446 1238 trium
467 1194 693 1256 personarum
711 1184 765 1240 est
783 1176 845 1240 illa
862 1196 929 1252 res,
948 1179 1110 1241 substan-

160 1274 211 1338 tia
243 1274 415 1351 videlicet,
447 1275 599 1339 essentia
630 1295 690 1338 seu
718 1275 837 1339 divina
864 1283 1001 1354 natura,
1032 1297 1111 1359 quae

159 1373 236 1437 sola
264 1380 318 1437 est
344 1374 582 1438 universorum
606 1375 825 1457 principium,
853 1383 1110 1460 praeterquam

160 1473 254 1537 aliud
272 1474 418 1538 inveniri
436 1493 505 1538 non
525 1482 661 1556 potest;
684 1484 721 1538 ct
738 1475 800 1538 illa
817 1495 873 1539 res
891 1495 960 1540 non
980 1486 1034 1541 est
1051 1497 1112 1560 ge·

160 1593 299 1650 uorans,
322 1593 434 1656 neque
460 1574 590 1655 genita,
612 1594 725 1657 neque
751 1575 951 1658 procedens,
974 1577 1034 1641 sed
1057 1586 1110 1641 est

161 1672 269 1738 Pater
282 1673 342 1755 qui
364 1681 521 1754 generat,
537 1682 572 1738 ct
590 1674 699 1738 Filius
717 1676 776 1757 qui
797 1676 965 1756 gignitur,
983 1685 1018 1741 et
1034 1676 1110 1760 Spi-

159 1773 246 1837 ritus
268 1773 417 1837 Sanctns
442 1773 502 1856 qui
529 1774 695 1855 procedit,
718 1783 758 1838 ut
779 1774 1019 1839 distinctiones
1039 1777 1110 1840 siut

159 1873 196 1936 in
215 1873 372 1954 personis
389 1882 425 1937 et
440 1873 557 1937 unitas
574 1873 610 1936 in
627 1882 763 1938 natura.
796 1872 896 1938 Licet
911 1874 1000 1937 enirn
1019 1874 1111 1938 alius

160 1973 207 2036 sit
219 1972 339 2050 Pater,
354 1973 444 2036 alius
461 1973 583 2050 Filius,
594 1974 685 2037 alius
700 1973 850 2056 Spiritus
866 1973 1027 2051 Sanctus,
1042 1995 1113 2039 non

160 2080 278 2136 tamen
300 2072 415 2150 aliud3
441 2071 549 2136 Pater
571 2073 660 2137 enim
684 2075 728 2138 ab
748 2081 879 2137 aeterno
902 2073 1029 2137 Filium
1049 2094 1110 2156 ge-

160 2173 313 2236 nerando
339 2191 438 2236 suam
461 2174 690 2237 substantiam
711 2174 743 2237 ei
764 2172 871 2250 dedit,
889 2173 996 2257 juxta
1017 2174 1109 2254 quod

159 2272 234 2355 ipse
256 2279 416 2349 testatur,
440 2270 547 2337 Pater
565 2271 656 2355 quod
674 2273 771 2336 dedit
791 2272 889 2350 mihi,
905 2272 1017 2355 majus
1037 2292 1110 2335 oms

160 2373 261 2435 nibus
281 2378 346 2436 est.
385 2372 432 2435 Et
453 2372 520 2436 dici
543 2392 612 2437 non
630 2379 758 2455 potest,
777 2373 870 2455 quod
888 2380 1021 2455 partem
1037 2392 1110 2436 snae

159 2472 364 2536 substantiae
387 2471 438 2535 illi
461 2471 605 2548 dederit,
626 2478 661 2535 et
683 2479 818 2555 partem
841 2473 1020 2536 retinuerit
1036 2473 1110 2554 ipse

158 2572 235 2648 sibi,
263 2591 341 2635 cum
367 2570 564 2635 substantia
586 2570 703 2635 Patris
725 2570 944 2636 indivisibilis
971 2572 1028 2649 sit,
1054 2580 1110 2637 ut·

158 2680 240 2754 pote
262 2670 411 2754 simplex
433 2671 593 2750 omnino;
617 2670 678 2734 sed
701 2690 765 2736 nec
786 2671 853 2735 dici
871 2678 999 2753 potest,
1017 2673 1110 2755 quod

161 2771 268 2836 Pater
289 2770 326 2834 in
350 2771 477 2835 Filium
506 2771 725 2837 transtulerit
753 2790 851 2835 suam
881 2773 1111 2836 substantiam

160 2871 356 2952 generando
384 2871 495 2948 illum,
521 2871 622 2954 quasi
652 2872 703 2934 sic
734 2871 867 2936 dederit
898 2891 975 2934 eam
1009 2870 1111 2948 Filio,

160 2971 252 3053 quod
274 2990 344 3035 non
373 2970 553 3035 retinuerit
576 2970 687 3053 ipsam
712 2971 789 3048 sibi,
812 2970 967 3052 alioquin
989 2970 1110 3033 desiis-

160 3077 214 3136 set
228 3090 306 3135 esse
323 3071 539 3150 substantia3
559 3071 669 3134 Filius
692 3090 774 3135 vcro
792 3070 1021 3133 substantiam
1041 3069 1111 3133 Pa-

159 3170 221 3234 tris
243 3171 416 3252 integram
442 3170 617 3235 nascendo
646 3171 793 3253 accepit,
816 3176 851 3234 et
873 3169 924 3232 ita
946 3167 1053 3231 Pater
1075 3176 1111 3232 et

160 3271 271 3335 Filius
293 3270 437 3336 eandem
459 3269 590 3335 habent
605 3270 849 3347 substantiam,
869 3274 905 3331 et
920 3267 1039 3332 eadem
1055 3288 1110 3331 res

158 3379 213 3435 cst
236 3370 345 3434 Pater
365 3379 402 3435 et
425 3371 548 3447 Filius,
571 3390 703 3435 necnon
730 3377 767 3434 ct
788 3368 938 3452 Spiritus
960 3367 1110 3432 Sanctus

159 3470 202 3534 ab
231 3479 379 3552 utroque
408 3470 598 3553 procedens
629 3477 666 3534 et
696 3471 734 3534 in
762 3477 910 3552 utroque
938 3487 1109 3545 manens3

160 3571 354 3646 nonenim,
377 3576 416 3633 ut
438 3571 488 3634 ait
511 3571 618 3634 abbas
641 3568 814 3646 Joachim,
838 3568 957 3632 fideles
981 3567 1111 3631 Christi

158 3677 240 3735 sunt
262 3688 379 3745 unum,
402 3669 436 3732 id
463 3676 529 3746 est,
553 3689 624 3733 una
650 3668 809 3752 quaedam
837 3687 892 3730 res
915 3686 994 3750 quac
1016 3686 1111 3730 corn-

158 3770 272 3833 munis
294 3770 341 3833 sit
361 3771 532 3847 omnibus,
553 3770 613 3833 sed
632 3776 715 3833 sunt
732 3787 836 3831 unum
856 3767 892 3830 in
908 3768 1034 3831 unione
1055 3785 1112 3830 ca-

158 3870 284 3945 ritatis,
306 3869 342 3931 in
365 3870 500 3949 gratia3
528 3889 592 3951 pro
618 3866 776 3951 personis
803 3885 884 3931 vero
911 3866 1050 3942 divinis,
1072 3874 1112 3929 ut

158 3970 371 4047 attendatur,
386 3967 581 4034 identitatis
600 3969 716 4032 unitas
734 3968 769 4029 in
787 3973 923 4030 natura.
957 3967 1112 4045 Damna-

157 4089 235 4133 mus
255 4069 363 4150 igitur
383 4078 419 4135 et
443 4070 666 4152 reprobamus
688 4066 842 4131 libellum
862 4065 1023 4130 Joachim
1040 4064 1113 4130 sive

158 4167 362 4248 doctrinam,
381 4170 431 4234 ita
452 4177 505 4247 ut,
527 4169 557 4232 si
576 4168 654 4251 quis
672 4167 747 4250 ejus
770 4167 977 4231 sententiam
995 4163 1114 4228 iubae

934 4296 1006 4342 ind
