2820 4882
180 567 235 605 Ab.
244 567 303 606 1100.

179 617 301 656 cnmeror

180 667 254 716 Henry
261 666 279 705 1.

343 381 407 445 162
599 395 736 444 uocum
760 396 807 442 nu
830 395 1037 444 wnunovnn

343 554 486 618 consilio
503 555 673 617 baronum
695 553 794 634 regni
810 551 949 634 Angliae
972 572 1089 634 regem
1104 571 1181 616 esse
1197 571 1297 617 coro·

342 660 484 732 natum3
514 660 550 716 et
571 654 655 735 quia
674 672 818 734 regnum
834 671 1039 735 oppressum
1059 659 1136 716 erat
1157 652 1297 736 injustis

342 753 595 826 exactionibus,
620 772 685 834 ego
708 760 868 834 respectu
891 752 972 829 Dei,
999 760 1036 839 ct
1056 771 1174 817 amore
1196 771 1298 833 quem

343 873 427 934 erga
452 871 516 916 vos
545 871 662 916 omnes
694 851 817 929 babeo,
839 859 995 915 sanctam
1025 851 1093 916 Dei
1117 851 1299 915 ecclesiam

343 953 485 1016 liberam
504 952 605 1028 facio,
624 952 675 1016 ita
697 951 790 1033 quod
814 969 973 1015 neceam
993 951 1141 1016 vendam
1163 971 1227 1014 nec
1253 951 1297 1015 ad

344 1052 477 1115 firmam
505 1071 646 1135 ponam,
681 1071 757 1129 nec,
789 1058 925 1114 mortuo
957 1050 1218 1133 archiepiscopo
1241 1050 1298 1115 vel

344 1153 506 1234 episcopo
522 1152 578 1215 vel
594 1153 732 1227 abbate,
757 1150 887 1232 aliquid
903 1151 1071 1234 accipiam
1087 1150 1130 1214 de
1146 1150 1299 1216 dominio

345 1251 512 1328 ecclcsiae,
538 1251 594 1315 vel
619 1251 661 1314 de
683 1250 893 1328 hominibus,
922 1250 1032 1314 donec
1055 1269 1237 1314 successor
1262 1251 1298 1313 in

345 1370 422 1414 eam
435 1350 663 1433 ingrediatur.
697 1350 745 1413 Et
761 1368 881 1414 omnes
896 1350 1008 1414 malas
1019 1340 1298 1428 consuetudines,

346 1451 471 1532 quibus
487 1468 632 1531 regnum
642 1447 781 1531 Angliae
792 1448 923 1533 injuste
934 1451 1206 1531 opprimebatur,
1219 1450 1299 1514 inde

345 1549 477 1627 aufero,
505 1568 594 1631 quas
623 1548 734 1612 malas
760 1549 1027 1613 consuetudines
1055 1551 1092 1613 in
1115 1557 1216 1632 parte
1242 1549 1298 1613 bic

346 1669 450 1732 pono.

395 1750 455 1813 ‘Si
475 1749 553 1831 quis
572 1750 743 1837 baronum
764 1753 932 1825 meorum,
955 1749 1121 1812 comitum
1138 1749 1195 1813 vel
1215 1748 1299 1813 alio-

346 1867 434 1926 rum,
462 1849 588 1931 quide
616 1868 671 1911 me
695 1855 827 1924 tenent,
850 1856 1008 1913 mortuus
1039 1847 1156 1925 fuerit,
1187 1849 1298 1913 haeres

345 1967 430 2011 suns
446 1968 516 2012 non
532 1948 676 2012 redimet
690 1954 817 2011 terram
836 1967 947 2024 suam,
965 1942 1072 2012 ¹sicut
1086 1947 1200 2011 facere
1217 1967 1299 2012 con·

345 2057 509 2113 sueverat
534 2055 689 2130 tempore
717 2047 827 2130 patris
852 2048 931 2124 mei,
952 2047 1014 2111 sed
1037 2048 1136 2132 justa
1158 2055 1194 2111 et
1215 2047 1301 2129 legi-

348 2148 433 2212 tima
454 2148 667 2213 relevatione
690 2147 859 2211 relevabit
884 2166 982 2227 eam3
1009 2147 1167 2210 similiter
1185 2153 1222 2211 et
1238 2147 1300 2213 bo-

348 2247 458 2311 mines
488 2249 657 2311 baronum
680 2266 835 2310 meorum
861 2247 1017 2328 legitima
1039 2254 1076 2310 et
1094 2246 1195 2331 justa
1213 2247 1301 2311 rele-

348 2347 488 2410 vatione
511 2345 716 2410 relevabunt
739 2353 850 2409 terras
873 2365 955 2410 suas
978 2347 1021 2409 de
1040 2346 1188 2411 dominis
1213 2347 1297 2411 suis.

349 2446 407 2523 Et,
419 2447 449 2509 si
461 2446 539 2528 quis
550 2447 719 2509 baronum
731 2446 787 2510 vel
798 2446 944 2510 aliorum
955 2445 1131 2510 hominum
1146 2466 1300 2510 meorum

348 2544 454 2609 filiam
479 2564 578 2608 suam
609 2545 745 2608 tradere
763 2547 923 2623 voluerit,
944 2547 1017 2610 sive
1038 2565 1203 2624 sororem,
1224 2548 1300 2611 sive

349 2653 500 2728 neptem,
515 2645 590 2709 sive
601 2651 787 2726 cognatam
798 2647 934 2728 nuptui,
944 2665 1076 2709 mecum
1086 2645 1166 2709 inde
1175 2646 1299 2728 loqua-

350 2751 419 2822 tur,
437 2745 498 2809 sed
515 2764 626 2827 neque
643 2765 708 2826 ego
723 2745 854 2828 aliquid
872 2746 915 2809 de
932 2765 997 2809 suo
1019 2764 1083 2827 pro
1105 2745 1170 2810 hac
1192 2746 1300 2810 licen-

349 2844 400 2907 tia
425 2846 606 2927 accipiam,
630 2864 743 2926 neque
769 2845 951 2909 defendam
973 2845 1004 2910 ei
1022 2845 1105 2927 quin
1129 2865 1205 2909 eam
1227 2847 1299 2923 det,

350 2952 497 3026 excepto
521 2944 551 3008 si
569 2963 645 3008 eam
664 2944 747 3007 dare
763 2946 914 3009 voluerit
929 2945 1069 3008 inimico
1083 2965 1180 3026 meo;
1205 2946 1300 3025 etsi,

350 3051 486 3108 mortuo
508 3045 637 3108 barone
658 3044 713 3108 vel
729 3043 797 3107 alio
813 3044 952 3108 bomine
977 3064 1066 3119 meo,
1092 3045 1164 3109 filia
1188 3045 1300 3110 haercs

350 3144 565 3221 remanserit,
599 3144 689 3207 dabo
723 3143 819 3206 illam
851 3163 928 3207 cum
961 3143 1105 3208 consilio
1130 3146 1299 3209 baronum

350 3263 503 3308 meorum
528 3262 606 3307 oum
633 3250 725 3306 terra
749 3262 837 3321 sua3
872 3250 907 3307 et
933 3243 976 3320 si,
1000 3251 1137 3309 mortuo
1160 3247 1299 3323 marito,

349 3362 440 3407 uxor
455 3343 530 3427 ejus
546 3343 749 3406 remanserit
763 3349 798 3406 et
817 3343 892 3407 sinc
909 3343 1025 3407 liberis
1049 3343 1164 3423 fuerit,
1183 3344 1299 3409 dotem

350 3461 449 3506 suam
470 3450 506 3506 et
528 3435 768 3523 'mariagium
787 3441 939 3519 habebit,
959 3449 995 3506 et
1015 3461 1093 3506 eam
1117 3463 1188 3508 non
1210 3444 1300 3509 dabo

349 3542 488 3617 marito,
505 3541 572 3604 nisi
588 3541 775 3605 secundum
791 3542 881 3606 velle
896 3562 1008 3606 snum.
1060 3541 1099 3606 Si
1114 3563 1197 3609 vcro
1214 3564 1303 3610 uxor

262 3644 273 3652 ”
349 3659 428 3703 cum
453 3641 570 3704 liberis
595 3642 811 3718 remanserit,
831 3641 946 3706 dotem
971 3661 1071 3706 suam
1097 3650 1133 3707 et
1158 3645 1301 3709 marita·

348 3741 443 3820 gium
462 3739 614 3817 habebit,
633 3741 715 3804 dum
735 3760 861 3824 corpus
883 3760 984 3804 suum
1006 3741 1160 3824 legitime
1182 3763 1301 3808 serva·

348 3840 411 3916 bit,
430 3847 466 3903 et
479 3860 556 3904 eam
572 3859 642 3905 non
667 3840 757 3905 dabo
781 3841 848 3904 nisi
870 3841 1056 3905 secundnm
1074 3842 1163 3906 velle
1181 3862 1303 3925 suum;

386 4033 393 4063 ¹
405 4035 477 4084 Sicut
486 4036 585 4095 facere.
597 4073 603 4088 .
613 4073 619 4088 .
630 4041 727 4102 putris
742 4040 811 4104 mei]
865 4037 1067 4106 'Moritugiumd
1076 4043 1306 4105 ‘Maritationem'

347 4104 438 4152 ‘Sicut
460 4104 571 4156 faciebat
591 4113 703 4172 tempore
725 4110 810 4159 fratris
836 4110 910 4160 Text.
923 4111 989 4160 Ros.

348 4174 423 4234 mei3'
438 4174 512 4225 Text.
524 4176 590 4228 Ros.
