2820 4882
380 411 519 459 rnouns
547 410 817 460 ursroamnuu.
1003 395 1069 460 321

118 565 220 630 entiae
242 566 420 648 praecepit,
438 575 489 645 ut,
505 567 669 650 quicquid
692 587 736 630 ex
758 567 807 630 eis
827 569 1066 651 suscepissem,
1080 585 1203 674 meu.

119 666 183 728 sibi
215 667 356 748 suisque
385 667 518 730 clericis
549 669 731 731 restituere
762 686 830 729 non
861 669 1065 734 omitterem.
1079 685 1190 724 ornans

120 762 215 828 Hinc
240 764 416 847 estquod
444 773 570 830 vestrae
600 766 805 829 sublimitati
827 767 998 849 supplico,
1027 736 1209 833 ιηιιιιίιοῑὴεῐι

118 864 310 928 custodiam
338 865 561 928 ecclesiarum
591 865 833 946 praedictarum
865 866 937 942 alii,
962 876 1066 949 prout

115 962 278 1044 expedire
306 963 474 1040 videritis,
505 964 755 1042 committatis;
793 965 939 1045 pecunia
967 986 1064 1043 vcro,

117 1080 221 1142 quam
244 1062 324 1125 inde
346 1063 471 1144 recepi,
498 1063 541 1126 ad
565 1082 734 1126 summam
757 1070 897 1126 centum
924 1070 959 1127 et
984 1072 1064 1129 octo

115 1159 280 1223 librarum
330 1169 366 1225 et
407 1161 667 1243 quatuordecim
704 1162 891 1226 solidorum
932 1182 1064 1245 sexque

115 1258 332 1324 denariorum
356 1280 394 1324 se
421 1260 591 1336 extendit,
616 1279 721 1350 quam
743 1268 825 1343 peto
850 1260 954 1324 liceat
979 1262 1064 1326 mihi

114 1378 220 1440 penes
233 1360 382 1441 aliquem
399 1360 464 1422 sub
480 1366 558 1423 tuto
575 1379 753 1442 reponere,
770 1360 879 1423 donec
893 1359 1064 1425 Dominus

108 1457 320 1539 judicaverit
336 1459 380 1522 ad
401 1478 502 1541 quem
517 1478 573 1523 res
595 1459 663 1522 ista
685 1459 816 1523 exitum
840 1459 965 1523 debeat
986 1480 1065 1542 per-

111 1555 251 1620 venire?

128 1726 243 1791 Litora
259 1728 439 1795 Alexandri
448 1753 544 1817 pope
557 1732 602 1796 ad
621 1734 776 1811 ibernam
795 1735 1047 1799 Oamuurieaaoa

448 1831 720 1917 archiepiscopum.

184 1951 291 2017 Anno
338 1954 478 2019 Domini
527 1973 693 2021 ucnxvu.
732 1955 933 2021 Alexander
970 1977 1198 2039 paparano.

112 2051 269 2129 Thomae,
297 2051 541 2119 cantuariensi
566 2056 836 2139 archiepiscopo,
858 2056 997 2139 scripsit
1026 2058 1061 2120 in
1075 2027 1197 2116 iiiiiii‘

111 2151 185 2215 haec
208 2153 334 2231 verba;
365 2146 702 2219 ¹‘Praedecessorum
728 2161 923 2218 nostrorum
950 2155 1060 2219 felicis
1074 2127 1189 2166 ‘⁰⁰⁶⁰m'

112 2251 286 2315 memoriae
302 2251 484 2316 Paschalis
504 2261 540 2318 et
553 2255 702 2335 Eugenii
719 2254 956 2318 Romanorum
977 2274 1064 2337 pon-

112 2349 244 2412 tificum
258 2350 416 2432 vestigiis
438 2352 659 2429 inhaerentes,
682 2359 753 2416 tam
776 2353 839 2416 tibi
862 2372 966 2435 quam
988 2354 1062 2417 tuis

110 2447 276 2530 legitimis
314 2453 570 2516 successoribus
610 2450 869 2515 Cantuariensis
905 2452 1060 2516 ccclesiae

111 2548 297 2629 primatum
327 2549 379 2613 ita
406 2550 507 2632 plene
537 2551 769 2627 concedimus,
796 2551 886 2614 siout
916 2571 939 2615 a
968 2550 1062 2615 Lan-

111 2642 231 2710 franoo
260 2655 296 2711 et
321 2647 488 2712 Anselmo
517 2649 663 2731 aliisque
688 2650 842 2732 ipsorum
869 2650 1061 2732 praedeces-

112 2747 249 2809 soribus
265 2754 402 2813 constat
419 2748 524 2812 fuisse
536 2767 747 2829 possessum.
804 2747 978 2831 Quicquid
994 2751 1060 2814 oti·

112 2863 168 2907 am
191 2845 371 2926 dignitatis
386 2847 459 2910 sive
481 2848 665 2928 potestatis
681 2848 790 2911 eidem
814 2856 944 2912 sanctae
967 2848 1059 2913 Can-

114 2943 280 3007 tuariensi
301 2945 456 3009 ecclcsiae
479 2947 651 3028 pertinere
671 2947 887 3028 dignoscitur
905 2967 1060 3028 praesen·

112 3043 158 3106 tis
180 3043 301 3125 scripti
324 3045 454 3126 pagina
471 3045 725 3121 confirmamus,
748 3044 837 3107 sicut
856 3063 878 3107 a
897 3045 1060 3127 tempori-

112 3143 177 3205 bus
193 3142 287 3205 beati
301 3143 488 3224 Augrrstini
507 3145 777 3226 praedecessores
798 3150 878 3207 tuos
899 3142 1060 3207 habuisse

112 3241 313 3323 apostolicae
344 3243 437 3306 sedis
475 3245 682 3307 auctoritate
712 3237 872 3306 constat!
930 3242 1060 3305 Eodem

113 3359 205 3405 anno
253 3340 441 3418 Robertus,
484 3342 735 3406 Lincolniensis
775 3342 969 3424 episcopus,
1006 3343 1060 3406 vir

113 3459 251 3521 magnae
277 3440 494 3518 humilitatis,
517 3442 681 3522 migravit
703 3440 747 3503 ad
770 3442 958 3505 Dominum
982 3460 1059 3523 sep-

111 3540 197 3603 timo
222 3537 389 3603 kalendas
416 3541 596 3604 Februarii
620 3540 758 3604 mensis,
812 3540 942 3603 Eodem
968 3559 1059 3604 anno

112 3632 256 3715 Simon,²
276 3639 371 3721 prior
393 3640 546 3704 ecclesiae
569 3640 682 3703 sancti
697 3637 839 3716 Albani,
863 3639 919 3702 die
939 3639 1059 3703 Domi-

111 3739 198 3801 nicae
225 3739 436 3802 ascensionis
464 3741 500 3802 in
529 3741 689 3802 abbatem
723 3737 879 3821 ejusdem
907 3738 1059 3801 ecclesiae

113 3838 244 3900 electus
270 3856 292 3900 a
312 3836 503 3914 Gilcberto,
521 3837 755 3902 Londoniensi
780 3838 955 3920 episcopo,
977 3842 1059 3898 ante

112 3935 227 4019 majus
250 3936 361 4000 altare
383 3936 479 4000 illius
503 3937 651 4000 coenobii
674 3944 728 4001 est
757 3936 958 4000 solemniter
978 3954 1068 3998 con-·

72 4133 75 4139 ff
148 4109 393 4175 ¹Proedecessoram.]
416 4113 576 4176 Diceto‚col.
635 4111 766 4175 ²Simous]
796 4113 838 4161 He
860 4112 920 4160 died
939 4113 965 4159 in
984 4113 1063 4172 11883

112 4186 169 4232 546.
601 4197 643 4232 see
654 4182 694 4232 his
705 4183 749 4233 lise
761 4184 795 4244 by
806 4181 892 4242 Paris,
902 4197 928 4242 p.
940 4185 981 4235 91.

160 4271 240 4322 voh.
264 4273 302 4319 ll.
889 4274 913 4320 Y
