2820 4882
357 384 423 449 354
619 399 753 448 nouum
777 400 824 446 nu
847 399 1055 448 wnunovnn

198 585 253 625 un.
264 583 320 624 uro.
359 560 483 624 hannis
496 560 681 642 Baptistae,
693 559 792 644 cujus
808 558 1028 642 sepulchrum
1043 575 1153 638 usque
1169 555 1205 618 in
1220 555 1310 619 diem

197 634 312 724 {frigius
360 660 564 724 hodiernum
581 667 741 724 coruscat
758 659 932 723 miraculis
950 657 1150 740 gloriosum.

511 850 561 915 Do
577 850 769 916 coronatione
785 849 865 935 repis
882 848 1017 914 Hauriat
1023 847 1160 933 joceris.

197 979 323 1019 ⁰⁰1⁰¹¹²²¹⁰¹¹
413 973 543 1037 Eodem
563 980 730 1054 tempore,
749 973 785 1037 id
809 979 862 1037 est
884 990 976 1035 anno
999 970 1141 1035 Domini
1164 986 1309 1034 ucnxx.

197 1030 302 1130 3¹22ssoe
361 1061 475 1136 idibus
485 1072 509 1136 J
512 1073 585 1150 ulii,
600 1078 835 1137 convenerunt
851 1071 893 1134 ad
912 1056 1113 1134 mandatum
1128 1071 1221 1152 regis
1236 1068 1312 1133 An-

361 1172 495 1254 glorum
523 1171 668 1236 Henrici
698 1172 790 1254 apud
812 1169 1161 1236 westmonasterium
1192 1169 1312 1250 Roge-

360 1292 433 1349 rus,
449 1272 678 1336 Eboracensis
697 1271 986 1353 archiepiscopus,
1003 1276 1038 1334 et
1052 1288 1172 1333 omnes
1189 1269 1314 1332 suffra-

361 1373 464 1452 ganei
484 1371 746 1435 Cantuariensis
768 1370 922 1435 ecclesiae
946 1369 1110 1452 episcopi,
1130 1369 1175 1432 ad
1195 1362 1312 1433 ¹coro-

361 1472 535 1535 nationem
558 1470 702 1534 Henrici
721 1471 783 1534 filii
801 1471 892 1551 regis
911 1460 1143 1552 primogeniti,
1160 1469 1233 1550 qui,
1250 1489 1312 1551 pa-

361 1576 414 1634 tre
434 1569 588 1653 jubente,
609 1577 796 1634 coronatus
820 1563 874 1635 est
892 1569 1092 1633 solemniter
1112 1587 1134 1631 a
1156 1568 1313 1650 Rogero,

361 1669 572 1734 Eboracensi
596 1670 868 1753 archiepiscopo,
890 1675 1015 1750 quarto
1037 1666 1169 1731 decimo
1193 1666 1313 1732 kulen-

360 1768 423 1833 das
438 1768 461 1835 J
464 1770 538 1847 ulii,
552 1778 673 1836 contra
683 1763 964 1852 ²prohibitionem
979 1767 1108 1831 domini
1122 1786 1235 1850 papae,
1250 1769 1312 1851 qui

345 1868 480 1946 ,literas
500 1869 568 1953 ipsi
590 1869 848 1952 archiepiscopo
866 1875 901 1933 et
918 1868 997 1931 aliis
1019 1868 1189 1950 episcopis
1212 1869 1312 1949 regni

361 1968 397 2032 in
411 1968 486 2033 haec
500 1970 607 2034 verba
617 1968 761 2048 direxit3
780 1967 1032 2033 ‘Universitati
1045 1975 1171 2032 vestrae
1188 1975 1311 2032 aucto·

360 2068 464 2133 ritate
481 2069 673 2151 apostolica
689 2069 827 2151 penitus
843 2066 1048 2146 inhibemus,
1064 2087 1108 2131 ne
1124 2067 1312 2150 quisquam

360 2175 514 2234 vestrum
529 2189 619 2233 novo
631 2169 704 2250 regi
716 2167 926 2244 coronando,
940 2167 971 2230 si
983 2165 1072 2231 torte
1085 2186 1187 2231 casus
1202 2186 1311 2231 emer-

360 2268 456 2345 serit,
473 2269 604 2350 absque
620 2287 764 2334 assensu
780 2265 1040 2331 Cantuariensis
1059 2266 1311 2349 archiepiscopi

359 2374 395 2431 et
410 2367 565 2432 ecclesiae
582 2367 846 2432 Gontuariensis
862 2366 1091 2445 conniventia,
1102 2374 1232 2431 contra
1247 2387 1310 2431 an-

358 2467 492 2549 tiquam
518 2467 594 2550 ejus
618 2466 903 2532 consuetudinem
924 2472 961 2530 et
986 2465 1205 2548 dignitatem,
1232 2486 1309 2530 ma-

358 2585 439 2629 num
459 2584 633 2648 apponere
654 2567 808 2649 qualibet
832 2565 1013 2630 occasione
1033 2574 1223 2647 praesumat
1245 2574 1309 2632 aut

356 2664 392 2728 id
411 2665 631 2747 aliquatenus
653 2672 825 2732 attentare
836 2663 855 2746 ;'
878 2666 939 2729 sed
957 2664 1032 2729 haec
1048 2665 1190 2744 trustra,
1212 2667 1309 2748 quia,

357 2771 543 2847 antequam
572 2764 682 2831 literae
709 2772 826 2830 essent
854 2765 1096 2848 promulgatae,
1125 2767 1307 2848 negotium

356 2861 470 2928 fuerat
492 2873 778 2931 consummatum.
819 2864 866 2930 Et
885 2884 949 2928 rex
970 2865 1090 2928 statim
1104 2873 1186 2947 post
1207 2885 1308 2930 coro-

356 2964 530 3028 nationem
547 2965 608 3029 filii
625 2966 679 3030 sui
696 2983 790 3029 mare
806 2964 976 3027 transiens
992 2965 1155 3029 convenit
1171 2966 1216 3029 ad
1233 2966 1307 3030 col-

354 3062 509 3144 loquium
523 3065 771 3147 archiepiscopi
782 3062 1044 3128 Cantuariensis
1057 3056 1168 3147 ³upud
1184 3064 1308 3131 Munt-

356 3163 481 3240 mirail,
493 3164 551 3227 ubi
569 3183 721 3246 praesens
740 3171 816 3228 erat
833 3183 895 3229 rex
916 3162 1152 3244 Francorum3
1171 3172 1304 3246 etpost

355 3261 525 3328 diutinum
545 3263 587 3328 de
608 3284 695 3347 pace
714 3270 903 3328 tractatum
924 3262 1016 3328 inter
1037 3282 1108 3341 ece,
1126 3283 1206 3328 cum
1223 3284 1304 3346 per-

353 3370 496 3426 ventum
517 3363 641 3428 suisset
664 3364 708 3428 ad
730 3364 898 3439 osculum,
920 3363 1003 3445 quia
1022 3363 1305 3447 archiepiscopus

389 3557 630 3632 ¹Coroootioaem.]
654 3566 763 3629 Tyrrell,
784 3580 812 3615 a·
836 3564 922 3614 letters
941 3563 970 3613 of
988 3563 1032 3613 the
1048 3579 1124 3626 pope,
1141 3565 1187 3615 lib.
1208 3567 1243 3618 iv.
1261 3582 1303 3630 ep.

352 3638 452 3693 mongst
466 3633 538 3682 other
556 3649 667 3696 reasons,
683 3635 730 3684 has
752 3649 821 3697 sup·¹
837 3634 903 3694 xlii.;
913 3633 959 3684 lib.
966 3649 992 3683 v.
1004 3650 1045 3696 ep.
1054 3635 1142 3686 xxxiv.

351 3702 430 3762 posed
440 3703 495 3752 that
506 3703 596 3766 Henry
605 3719 660 3754 was
671 3704 819 3755 influenced'
870 3701 962 3766 ³Apud
978 3699 1164 3772 Mnntmiroil.]
1186 3705 1241 3756 'l'he
1264 3708 1304 3756 in-

350 3773 377 3820 in
394 3772 494 3834 coming
510 3777 535 3823 to
552 3773 602 3823 this
620 3775 811 3824 determination
836 3774 941 3823 terriew
956 3777 984 3823 at
998 3774 1143 3824 Monmirail
1156 3774 1209 3826 had
1223 3777 1304 3827 taken

350 3842 384 3902 by
404 3841 446 3891 tha
468 3845 584 3905 example
603 3844 633 3892 of
648 3844 691 3894 the
712 3845 811 3895 French
835 3843 1002 3905 plocebelore
1013 3843 1056 3893 the
1067 3846 1210 3894 coronation
1221 3847 1252 3897 of
1259 3847 1303 3897 the

348 3911 435 3973 kings,
444 3913 538 3962 Robert
547 3913 598 3962 and
606 3915 685 3964 Louis
695 3915 720 3964 le
729 3915 810 3976 Gros3
835 3914 1301 3979 prince,accordingto(}ervase,col.

346 3981 374 4030 ii.
386 3997 413 4043 p.
425 3986 482 4032 556.
837 3986 909 4034 14⁰7.
947 3984 981 4032 So
997 3984 1051 4032 also
1068 3983 1260 4050 lita-stephan,
1275 4004 1301 4050 p.

835 4058 876 4103 58.
901 4054 955 4104 The
967 4058 1022 4104 text
1032 4054 1131 4104 follows
1140 4055 1244 4121 Diceto,
1252 4059 1302 4108 ool.

383 4112 617 4188 ‘Praetuttiorum
631 4121 754 4182 Compare
766 4121 809 4170 the
835 4127 891 4173 552.
