2820 4882
370 407 436 471 154
618 421 753 469 nocem
781 421 828 469 ne
851 421 1059 470 wennovnn

208 599 331 648 lurco.
371 583 529 664 peratore
551 582 587 645 in
614 582 741 645 montis
764 582 929 645 verticem
953 587 1029 645 tota
1055 577 1227 644 translata
1253 587 1320 657 est,

204 650 357 742 {2⁸3⁰qu
369 682 420 744 ita
431 689 470 745 ut
485 680 677 744 Dominicae
691 681 862 763 passionis
880 687 916 745 et
931 680 1191 745 resurrectionis
1208 680 1319 756 locus,

369 781 428 863 qui
451 781 547 862 prius
570 788 672 844 extra
695 781 814 843 urbem
840 780 964 857 fuerat,
988 781 1073 844 urbe
1092 779 1318 856 reaedificata,
1345 838 1362 865 ‚

367 879 458 943 infra
472 899 648 943 murorum
665 881 831 944 ambitum
848 879 1076 945 clauderetur.

431 1052 479 1116 Dc
494 1050 567 1116 locis
581 1049 802 1116 uenerabilibus
818 1014 910 1138 iufra
924 1059 1063 1116 abactam
1080 1050 1246 1117 aarum.

419 1173 510 1239 Haec
535 1183 651 1240 autem
677 1181 801 1238 sancta
830 1181 866 1238 et
889 1173 966 1238 Deo
989 1173 1115 1237 dilecta
1137 1174 1261 1238 civitas
1284 1180 1320 1237 et

367 1274 479 1339 minor
494 1275 654 1338 maximis
677 1282 731 1338 est
753 1286 789 1337 et
810 1273 1038 1337 mediocribus
1060 1274 1184 1358 major,
1206 1273 1318 1337 forma
1358 1294 1359 1298 ¹

367 1373 505 1456 quidem
531 1375 694 1456 oblonga,
717 1381 753 1437 et
775 1380 873 1455 parte
897 1373 1008 1437 altera
1029 1373 1186 1454 longiore
1207 1380 1317 1437 tetra·

367 1492 471 1555 gorra,
494 1473 643 1538 vallibus
669 1472 847 1556 profundis
875 1473 910 1536 in
935 1474 1045 1536 tribus
1067 1472 1225 1555 partibus
1253 1474 1317 1536 cir·

369 1579 559 1654 cumsepta.
612 1572 705 1636 Nam
729 1573 773 1636 ab
796 1572 926 1637 oriente
948 1572 1073 1636 vallem
1090 1573 1196 1636 habet
1210 1571 1233 1635 J
1237 1591 1315 1636 osa·

366 1671 464 1752 phat,
481 1673 517 1735 in
535 1671 634 1754 cujus
649 1672 718 1737 imo
735 1674 804 1735 sita
818 1679 872 1736 est
888 1671 1034 1735 ecclesia
1044 1671 1113 1736 Dei
1126 1672 1316 1753 genitricis,

366 1771 424 1836 ubi
451 1771 589 1853 sepulta
603 1771 755 1836 creditur
778 1778 814 1850 et
830 1770 1020 1851 gloriosum
1045 1771 1120 1854 ejus
1142 1778 1315 1835 monstra-

366 1876 424 1934 tur
438 1870 678 1952 sepulchrum3
702 1870 766 1934 sub
789 1889 859 1953 qua
877 1877 931 1933 est
949 1876 1084 1933 torrens
1100 1870 1249 1948 Cedron,
1269 1890 1315 1934 ex

365 1971 467 2053 aquis
483 1970 694 2052 pluvialibus
705 1976 814 2046 ortus,
829 1969 870 2033 de
888 1989 957 2050 quo
975 1970 1111 2048 dicitur,
1122 1975 1132 2004 ‘
1143 1970 1315 2052 Egressus

365 2067 441 2152 ejus
471 2077 568 2134 trans
600 2076 788 2132 torrentem
819 2067 978 2145 Cedron,'
1004 2076 1040 2132 et
1066 2076 1204 2133 caetera.
1256 2068 1314 2134 Ab

365 2176 484 2237 austro
506 2168 611 2234 habet
627 2168 754 2232 vallem
774 2168 910 2244 Ennon,
933 2167 1109 2250 praedictae
1123 2168 1208 2232 valli
1230 2189 1314 2233 con·

366 2268 510 2348 riguam,
547 2287 625 2349 quae
654 2268 757 2332 sortis
788 2268 972 2350 Benjamin
1001 2275 1037 2332 et
1062 2267 1165 2331 Judae
1190 2268 1257 2333 fuit
1276 2270 1314 2333 in

365 2365 518 2432 funiculo
553 2367 816 2444 distributionis,
848 2374 884 2430 et
914 2366 994 2430 inde
1029 2386 1068 2432 se
1100 2368 1236 2448 erigens
1269 2369 1315 2432 ad

364 2466 526 2529 verticem
543 2466 683 2543 montis,
701 2466 760 2547 qui
777 2472 831 2529 est
845 2473 967 2530 contra
982 2467 1149 2531 Beennon
1165 2467 1210 2530 ad
1225 2469 1318 2532 occi·

364 2563 514 2641 dentem,
537 2565 573 2628 in
595 2583 666 2646 qua
688 2572 741 2629 est
758 2564 1026 2643 Acheldemach,
1053 2565 1118 2631 hoc
1144 2574 1200 2630 est
1230 2586 1316 2649 ager

365 2663 557 2745 sanguinis,
582 2671 718 2746 emptus
739 2664 783 2729 de
804 2665 917 2747 pretio
940 2664 1082 2730 Domini
1102 2666 1139 2728 in
1156 2667 1314 2749 sepultua

365 2781 438 2825 ram
454 2764 725 2845 peregrinorum.
776 2763 834 2829 Ab
855 2764 1032 2828 occidente
1049 2784 1132 2829 vero
1156 2764 1313 2848 ejusdem

363 2861 466 2925 vallis
493 2862 598 2928 habet
619 2870 765 2944 partem,
792 2864 828 2928 in
855 2882 926 2945 qua
949 2865 1018 2927 sita
1041 2871 1096 2927 est
1116 2872 1217 2928 vetus
1239 2866 1313 2947 pis-

364 2961 454 3039 cina,
472 2982 550 3044 quae
569 2962 712 3026 celebris
732 2963 798 3027 fuit
819 2964 1031 3045 temporibus
1052 2982 1173 3045 regum
1194 2963 1219 3027 J
1220 2965 1313 3043 udae,

364 3067 399 3123 et
414 3060 495 3124 inde
511 3060 727 3143 protenditur
741 3063 784 3125 ad
802 3063 970 3144 piscinam
992 3064 1214 3145 superiorem,
1232 3084 1313 3147 quae

364 3158 577 3223 Patriarchae
598 3160 736 3239 dicitur,
751 3162 857 3244 juxta
879 3163 1118 3240 coemiterium,
1137 3162 1231 3244 quod
1257 3172 1313 3228 est

362 3259 398 3321 in
414 3260 591 3341 spelunca,
608 3279 686 3342 quae
707 3261 970 3343 cognominetur
994 3261 1133 3326 Leonis,
1178 3259 1212 3325 A
1232 3281 1312 3345 sep·

363 3359 535 3423 tentrioue
549 3378 630 3423 vero
646 3359 751 3442 plano
771 3360 893 3425 itinere
911 3360 956 3424 ad
981 3362 1101 3425 urbem
1123 3361 1311 3441 acceditur,

362 3457 399 3519 in
416 3476 485 3538 quo
498 3458 594 3523 locus
611 3465 676 3535 est,
693 3461 752 3522 ubi
766 3466 1000 3543 protomartyr
1014 3459 1212 3543 Stephanus
1228 3461 1314 3525 dici·

362 3562 420 3619 tur
436 3557 622 3639 lapidatus.
666 3551 889 3623 ¹Patriarcha
906 3578 1044 3641 quoque
1058 3559 1162 3644 hujus
1179 3567 1312 3624 sanctae

362 3655 515 3719 civitatis
547 3664 697 3739 quatuor
735 3658 840 3722 habet
876 3658 1166 3740 archiepiscopos,
1201 3679 1311 3723 unum

363 3752 623 3833 Caesariensem,
652 3757 759 3820 alium
792 3757 994 3841 Tyrensem,
1024 3759 1164 3822 tertium
1193 3756 1312 3823 Naza-

361 3851 507 3933 re'nsem,
519 3864 681 3936 quartum
698 3856 957 3934 Petracensem,
967 3857 1003 3920 id
1020 3865 1075 3921 est
1089 3857 1222 3922 Montis
1239 3858 1312 3922 Re·

361 3954 470 4033 galis3
496 3955 627 4036 primus
645 3962 700 4019 est
721 3956 757 4019 in
773 3957 915 4038 regione
932 3956 1145 4035 Palaestinae,
1166 3957 1256 4020 alius
1274 3957 1311 4022 in

362 4180 367 4190 .
395 4141 583 4215 ¹Potricrchr.]
602 4136 677 4210 Upon
688 4149 730 4198 the
741 4151 820 4211 petri-
847 4146 953 4202 Quieu’s
965 4150 1057 4199 Oriens
1068 4149 1240 4217 Christianus,
1249 4156 1311 4203 tom.

358 4214 460 4264 arehate
471 4216 501 4264 oi
513 4217 657 4269 Jerusalun
672 4220 772 4269 consult
784 4221 820 4270 Le
848 4220 885 4270 iii.
898 4221 946 4270 col.
960 4224 1016 4271 llll.
