2820 4882
1157 371 1249 383 ι-ινυκ-

305 393 369 459 112
563 405 697 453 uocum
723 406 769 452 nn
792 376 1159 476 wuunovnsQ
1243 407 1251 416 ·

144 589 267 650 nonos.
304 565 426 632 videns
452 564 615 646 Rogerus
646 561 688 626 de
713 561 925 640 Barnevilla,
953 561 1050 625 miles
1078 563 1114 626 in
1146 565 1253 628 armis

144 639 293 730 {bibilla
306 674 468 730 strenuus
499 663 542 728 de
575 669 677 746 gente
710 662 855 727 Roberti
884 662 982 725 ducis
1012 661 1253 743 Normannici,

305 766 501 851 quindecim
523 764 671 846 sumptis
693 763 923 839 consortibus,
938 763 974 826 in
996 764 1183 844 praedictos
1204 765 1252 828 ir·

306 867 376 931 ruit
392 865 598 944 animosius;
622 864 682 927 sed
700 864 782 926 dum
802 862 853 925 illi
870 862 989 927 dolose
1004 862 1176 944 fugientes
1194 885 1254 929 us·

305 986 373 1050 que
387 966 443 1029 ad
467 965 591 1040 socios,
607 983 695 1047 quos
717 963 891 1027 habebant
907 963 943 1026 in
966 963 1100 1027 insidiis
1122 967 1253 1030 consti-

304 1074 411 1142 tutos,
433 1067 516 1129 dum
539 1064 701 1145 Rogerus
724 1063 803 1126 illos
830 1063 1079 1146 insequeretur,
1106 1085 1250 1129 consur-

306 1167 467 1249 gentibus
484 1165 573 1241 aliis,
591 1164 651 1248 qui
669 1163 803 1227 insidiis
818 1163 983 1241 latebant,
1002 1171 1037 1228 et
1056 1164 1092 1227 in
1114 1173 1253 1230 nostros

305 1266 466 1331 ardenter
480 1265 701 1341 irruentibus,
723 1283 783 1327 eos
805 1264 1045 1346 compulerunt
1067 1265 1103 1327 in
1120 1264 1251 1348 fugam.

307 1366 430 1430 Nostri
451 1383 590 1449 quoque
612 1384 754 1429 numero
778 1364 928 1446 impares
947 1371 982 1428 et
1005 1364 1147 1442 viribus,
1172 1366 1254 1430 dum

306 1466 349 1529 ad
365 1467 485 1529 urbem
501 1465 621 1547 fugere
634 1463 904 1541 contendissent,
917 1484 1083 1548 equorum
1100 1462 1253 1531 hostium

305 1566 490 1630 velocitate
520 1565 689 1646 praeventi
716 1572 809 1641 sunt,
842 1564 902 1627 ubi
934 1564 1095 1647 Rogerus
1123 1568 1255 1649 sagitta

305 1665 486 1730 confossus
500 1665 642 1741 interiit,
659 1663 794 1728 caeteris
809 1665 846 1727 in
863 1666 982 1728 urbem
1008 1658 1191 1746 ¹rcversis3
1216 1675 1253 1733 at

305 1766 446 1848 pagani,
457 1765 523 1830 viri
539 1765 770 1828 memorabilis
784 1765 898 1846 capite
912 1772 1105 1848 amputato,
1115 1767 1158 1831 ad
1171 1787 1253 1833 suos

305 1872 474 1931 venerunt
491 1864 678 1929 indemnes.

339 2063 389 2127 De
404 2084 483 2128 nono
498 2061 650 2128 obsidione
662 2062 854 2128 Antiocheno
869 2085 891 2128 n
907 2063 1231 2152 Corinrnnnosoctn:
1275 2158 1277 2162 Ι

147 2223 245 2270 xorius
356 2191 424 2254 Die
446 2198 562 2256 autem
584 2191 687 2254 tertio
709 2210 755 2254 ex
771 2210 840 2272 quo
862 2199 967 2273 capta
984 2199 1038 2256 est
1052 2192 1255 2274 Antiochia,

144 2269 294 2364 &iiiiii
306 2290 560 2367 CorbarannuS,
573 2291 733 2372 princeps
746 2288 943 2369 Persarum,
954 2312 1032 2355 cum
1048 2293 1255 2360 militaribus

145 2373 246 2414 ΔΜ·
306 2383 427 2472 copiis²
438 2390 581 2454 infinitis
599 2397 680 2454 ante
697 2390 816 2453 urbem
832 2399 1142 2471 castrametatusa
1153 2402 1256 2477 porta

306 2489 466 2554 orientali
487 2509 597 2571 usque
620 2489 664 2552 ad
682 2490 930 2555 occidentalem
948 2493 1148 2557 universum
1172 2515 1255 2559 aus·

307 2589 395 2653 trale
425 2589 518 2653 latus
544 2589 722 2653 obsidione
748 2589 904 2655 vallavit.
957 2592 1043 2656 Erat
1064 2581 1181 2658 autem
1202 2615 1257 2659 se-

307 2709 368 2753 cus
384 2696 521 2771 portam
537 2688 739 2753 orientalem
755 2690 954 2772 praesidium
963 2692 1150 2775 quoddam,
1161 2696 1255 2778 quod

310 2785 515 2853 Boamundo
547 2789 711 2854 traditum
745 2789 858 2853 suerat
893 2791 937 2854 ad
964 2793 1227 2858 custodiendum
1247 2817 1274 2875 ς’

309 2887 401 2952 circa
424 2889 508 2953 illud
533 2908 610 2952 cum
643 2889 761 2954 hostes
786 2897 901 2955 castra
924 2890 1110 2970 locassent,
1138 2902 1174 2959 et
1199 2915 1258 2960 as-

308 2988 422 3052 sultus
440 2990 664 3054 creberrimos
686 2989 734 3053 ibi
756 2989 923 3068 facerent,
942 2991 1166 3058 Boamundus
1186 3016 1258 3061 non

309 3088 421 3152 ferens
437 3109 556 3154 eorum
570 3089 788 3154 insolentiam
804 3085 964 3172 egressus
979 3100 1032 3157 est
1046 3101 1168 3158 contra
1185 3115 1257 3174 eos,

308 3190 369 3254 sed
387 3189 578 3272 egredienti
594 3189 673 3253 duci
690 3191 840 3254 occurrit
853 3190 1045 3256 'lurcorum
1060 3194 1259 3276 multitudo,

309 3289 409 3374 cujus
441 3289 608 3372 impetum
636 3289 709 3353 dux
732 3289 883 3371 perferre
914 3311 984 3356 non
1013 3293 1145 3371 valens,
1170 3296 1260 3361 inita

309 3389 406 3470 fuga,
426 3409 463 3452 se
485 3389 614 3471 recepit
633 3388 670 3452 in
689 3390 820 3467 urbem,
840 3391 899 3454 ubi
919 3391 1077 3457 hostibus
1096 3403 1259 3476 proterve

309 3489 532 3564 instantibus,
548 3489 628 3552 dum
650 3489 748 3572 plebs
770 3489 806 3554 in
829 3491 974 3556 introitu
996 3493 1148 3576 praesidii
1165 3516 1260 3561 com-

346 3710 498 3777 ¹Reoersis.]
513 3714 587 3776 Upon
597 3713 648 3763 this
656 3714 775 3776 calamity
799 3715 912 3766 Galliam
933 3717 1083 3769 audaciores
1105 3725 1131 3769 et
1148 3723 1175 3770 in
1193 3723 1261 3772 bello

309 3784 455 3846 happening
466 3785 533 3833 close
543 3788 570 3832 to
581 3784 623 3833 the
629 3799 691 3846 very
699 3786 773 3834 walls
798 3787 963 3848 promptiores
974 3790 1070 3840 nutriat
1078 3791 1094 3852 ;'
1102 3806 1128 3853 p.
1137 3796 1195 3843 248.

309 3854 339 3902 oi
346 3855 388 3904 the
405 3859 483 3917 town,
494 3854 585 3904 Albert
598 3854 628 3904 οἱ
634 3855 686 3904 Aix
703 3871 774 3904 amu·

310 3925 392 3987 singly
405 3925 528 4048 rqmarlrs,
546 3925 601 3974 that
613 3940 653 3974 we
670 3940 713 3974 are
730 3929 773 3974 not
832 3922 935 3989 2Copiis
942 3927 1069 3993 infinitis]
1080 3930 1134 3980 The
1142 3933 1261 3984 numbers

310 3997 336 4042 to
358 3996 416 4044 attri
433 4000 477 4045 ute
499 3997 541 4045 the
561 3995 638 4044 death
659 3995 689 4044 oi
708 3995 773 4044 their
797 3995 1131 4064 oftheTurksarefixedby
1138 4003 1261 4054 Albertus

310 4066 459 4126 companion
476 4069 501 4114 to
514 4081 565 4128 any
577 4065 631 4114 sear
647 4080 676 4114 or
689 4065 772 4115 slack·
797 4065 926 4127 Aquensis
937 4073 964 4117 at
975 4073 1090 4132 20⁰‚⁰0⁰‚
1101 4072 1151 4121 and
1164 4074 1198 4136 by
1206 4075 1262 4124 Ra-

310 4147 368 4182 ness
388 4132 417 4182 oi
432 4134 503 4183 those
525 4136 624 4197 within,
642 4136 721 4197 since,
740 4135 771 4184 he
797 4135 909 4197 dulphus
925 4137 1089 4190 cadomensis
1108 4147 1135 4192 at
1152 4147 1261 4207 40⁰,000

310 4201 384 4264 adds,
402 4203 493 4253 ‘nulla
512 4205 589 4267 plaga
608 4206 696 4255 mundi
713 4210 771 4255 ante
792 4206 875 4257 horse.
