2820 4882
416 437 554 486 enonas
577 437 852 486 nrsronrnnum
1043 414 1109 486 149

154 601 189 658 et
213 614 236 657 a
254 595 403 658 sinistris
430 595 599 671 comitari,
625 614 687 658 nec
712 593 784 657 ulla
810 614 912 676 posse
939 593 1172 660 violentiam
1115 603 1262 707 mamili

154 694 360 776 praepediri;
394 695 485 776 quod
515 693 631 757 hostes
662 695 796 756 eminus
822 696 1005 771 intuenteS,
1038 697 1102 759 sub
1113 709 1268 750 theom-ndu·

154 794 326 857 solaribus
338 794 444 857 radiis
459 794 628 856 hebetatis
639 792 839 871 luminibus
852 801 934 857 ante
945 795 1102 876 praebum

154 894 279 956 animis
306 892 541 969 conciderunt,
574 892 751 955 credentes
779 894 993 956 innumeram
1027 913 1103 959 esse

152 992 408 1064 multitudinem
426 999 648 1066 armatorum,
671 994 828 1072 quamvis
843 1001 878 1055 et
894 994 980 1074 ipsis
994 994 1104 1058 multa

152 1093 314 1156 militaris
329 1092 430 1175 copia
442 1112 512 1155 non
527 1091 673 1154 deesset.
712 1090 836 1155 Comes
853 1111 991 1173 quoque
1009 1093 1102 1158 Nor·

152 1210 358 1255 marmorum
386 1192 574 1267 Robertus,
605 1189 762 1272 quidus
795 1199 870 1254 erat
897 1199 933 1254 et
960 1192 1103 1273 signifer

152 1293 317 1369 acierum,
346 1311 409 1372 pro
432 1311 469 1354 re
494 1292 582 1354 bene
602 1297 703 1371 gesta
722 1309 815 1371 saepe
838 1290 1014 1369 dicendus,
1026 1291 1101 1357 Ad-

153 1391 308 1454 miravisi
319 1391 543 1454 standardum
556 1388 690 1469 alonge
702 1389 934 1467 considerans,
945 1386 1054 1474 1quod
1064 1393 1102 1457 in

152 1490 352 1553 summitate
368 1489 478 1553 hastae
494 1508 633 1571 pomum
655 1488 805 1552 habebat
822 1508 976 1569 aureum,
999 1491 1102 1556 hasta

151 1608 235 1654 vero
264 1597 408 1671 argento
441 1596 605 1671 cooperta
629 1588 813 1665 albicabat,
839 1591 952 1672 ipsum
980 1590 1100 1674 depre-

151 1687 306 1752 hendens
332 1689 380 1752 ibi
404 1708 491 1767 esse,
519 1696 554 1751 et
580 1687 744 1751 audacter
767 1708 828 1769 per
851 1689 980 1753 medias
1009 1692 1100 1755 acies

151 1807 352 1869 supereum
374 1789 522 1864 irruens,
542 1787 586 1852 ad
608 1794 753 1850 mortem
771 1789 924 1868 graviter
937 1790 1099 1853 vulnera-

153 1889 226 1967 vit3
250 1889 341 1969 quod
367 1887 498 1952 sactum
521 1907 591 1950 non
615 1887 820 1951 mediocrem
840 1887 1026 1968 gentilibus
1046 1891 1099 1953 in·

153 1988 264 2063 cussit
279 1988 448 2053 timorem.

151 2161 201 2224 De
212 2160 349 2247 punctu
366 2162 567 2226 Admisceisi
589 2171 617 2226 et
643 2162 777 2226 victoria
802 2161 1056 2226 consummatione
1073 2171 1102 2227 et

481 2260 588 2346 spoliis
603 2262 777 2346 rportctis.

168 2384 175 2395 “
204 2379 465 2449 Admiravisus²
489 2394 604 2449 autem
626 2387 687 2449 vix
712 2386 900 2469 palpitans,
927 2385 1102 2450 lethaliter

155 2486 370 2562 vulneratus,
398 2486 468 2549 alte
493 2486 663 2566 ingemuit
692 2493 727 2548 et
759 2486 955 2569 hujusmodi
983 2487 1102 2567 planc-

155 2592 229 2648 tum
247 2585 373 2660 emisit,
395 2584 448 2648 ‘O
471 2585 624 2648 omnium
650 2584 806 2662 Creator,
829 2585 997 2668 quidhoc
1023 2586 1101 2649 estl

157 2683 251 2762 Quid
275 2683 424 2748 acciditl
477 2683 580 2762 Quod
602 2684 711 2747 fatum
729 2686 828 2748 nobis
852 2670 1016 2747 infestum
1040 2703 1102 2748 no-

156 2784 251 2847 cuitl
290 2782 372 2845 Heu
392 2783 488 2860 mihi,
506 2802 610 2866 quam
627 2783 798 2847 ineffabile
817 2784 977 2860 dedecuS,
997 2802 1101 2865 quam

156 2883 357 2946 diuturnum
384 2883 627 2965 improperium
656 2885 751 2963 genti
780 2889 907 2946 nostrae
935 2883 1100 2964 contigit!

156 2981 253 3046 Gens
273 2983 410 3057 misera,
430 3001 515 3062 gens
539 2982 686 3059 modica,
709 3000 794 3062 gens
822 2981 979 3046 mendica
1007 2982 1102 3064 genti

154 3090 284 3146 nostrae
315 3081 511 3162 praevaluit.
564 3080 667 3144 Unde
696 3081 799 3144 haecl
852 3080 1103 3158 Conveutione,

155 3180 383 3263 prohdolor!
407 3179 512 3256 facta,
538 3181 668 3243 adduxi
694 3180 761 3243 huc
786 3180 933 3244 militum
955 3181 1104 3244 ducenta

155 3280 276 3356 millia,
303 3286 339 3342 et
361 3279 515 3360 peditum
543 3300 689 3361 quorum
715 3280 900 3343 multitudo
924 3298 1103 3343 numerum

155 3379 305 3455 excedit,
338 3397 426 3460 quos
459 3379 526 3442 toti
554 3380 682 3443 mundo
715 3378 958 3462 praevalituros
988 3379 1104 3445 crede-¹

156 3481 257 3557 bam;
276 3498 368 3541 nunc
383 3484 510 3555 autem,
526 3485 566 3541 ut
581 3498 651 3542 non
665 3479 824 3553 mentiar,
838 3497 859 3540 a
872 3478 984 3540 minus
999 3498 1103 3560 quam

156 3579 250 3641 mille
277 3577 444 3641 militibus
471 3586 506 3641 et
529 3578 651 3659 paucis
679 3577 832 3660 peditum
855 3577 1006 3640 millibus
1033 3585 1104 3641 tam

155 3677 355 3741 indecenter
376 3678 459 3739 sunt
481 3677 646 3758 superati.
708 3675 782 3740 Aut
801 3677 1044 3757 proculdubio
1063 3677 1105 3739 il-

169 3902 187 3934 '¹
197 3895 469 3968 Quocineammttate]
481 3897 632 3950 0rdericus¹
645 3904 710 3960 ⁷553
734 3915 852 3961 compare
874 3899 916 3950 the
939 3902 993 3950 first
1014 3917 1108 3963 anony-

156 3973 260 4032 Vitalis,
270 3971 329 4020 Act.
342 3971 464 4020 Norman.
476 3987 502 4032 p.
515 3975 572 4019 758.
645 3985 716 4018 mous
727 3970 813 4018 writer
825 3971 851 4017 in
860 3970 902 4019 the
909 3971 990 4020 Gesta
1000 3972 1052 4020 Dei
1061 3987 1108 4032 per

190 4039 412 4102 ²Admircvieus.]
435 4039 489 4088 'l'he
513 4042 621 4088 account
645 4040 765 4101 Francos,
782 4055 808 4100 p.
824 4043 866 4100 29,
883 4040 933 4088 and
952 4041 1065 4102 Baldric,
1081 4056 1108 4107 p.

159 4112 290 4172 following
308 4122 417 4170 appears
432 4112 466 4171 to,
477 4108 542 4157 base
558 4109 622 4157 been
648 4112 704 4159 138.

160 4182 238 4230 taken
255 4180 319 4229 from
336 4179 475 4228 Ordericus
486 4179 588 4239 vitalis,
596 4193 623 4238 p.
