<?xml version="1.0" encoding="UTF-8"?>
<!DOCTYPE html PUBLIC "-//W3C//DTD XHTML 1.0 Transitional//EN"
    "http://www.w3.org/TR/xhtml1/DTD/xhtml1-transitional.dtd">
<html xmlns="http://www.w3.org/1999/xhtml" xml:lang="en" lang="en">
 <head>
  <title>
</title>
<meta http-equiv="Content-Type" content="text/html;charset=utf-8" />
  <meta name='ocr-system' content='tesseract 3.04.00' />
  <meta name='ocr-capabilities' content='ocr_page ocr_carea ocr_par ocr_line ocrx_word'/>
</head>
<body>
  <div class='ocr_page' id='page_1' title='image "./rogeridewendove01rogegoog_0127.png"; bbox 0 0 2820 4882; ppageno 0'>
   <div class='ocr_carea' id='block_1_1' title="bbox 143 603 267 702">
    <p class='ocr_par' dir='ltr' id='par_1_1' title="bbox 143 603 267 702">
     <span class='ocr_line' id='line_1_1' title="bbox 143 603 267 643; baseline 0 -1"><span class='ocrx_word' id='word_1_1' title='bbox 143 603 198 643; x_wconf 73' lang='grc' dir='ltr'><strong>Μ).</strong></span> <span class='ocrx_word' id='word_1_2' title='bbox 210 603 267 642; x_wconf 79' lang='lat'><strong>1098.</strong></span> 
     </span>
     <span class='ocr_line' id='line_1_2' title="bbox 145 653 266 702; baseline -0.017 -9"><span class='ocrx_word' id='word_1_3' title='bbox 145 653 234 702; x_wconf 80' lang='lat' dir='ltr'><strong>Illrtory</strong></span> <span class='ocrx_word' id='word_1_4' title='bbox 242 653 266 691; x_wconf 78' lang='lat' dir='ltr'><strong>ol</strong></span> 
     </span>
    </p>
   </div>
   <div class='ocr_carea' id='block_1_2' title="bbox 302 410 1021 474">
    <p class='ocr_par' dir='ltr' id='par_1_2' title="bbox 302 410 1021 474">
     <span class='ocr_line' id='line_1_3' title="bbox 302 410 1021 474; baseline -0.004 0"><span class='ocrx_word' id='word_1_5' title='bbox 302 410 367 474; x_wconf 88' lang='lat'><strong>116</strong></span> <span class='ocrx_word' id='word_1_6' title='bbox 560 425 694 473; x_wconf 82' lang='lat' dir='ltr'><strong>uocnru</strong></span> <span class='ocrx_word' id='word_1_7' title='bbox 718 427 764 472; x_wconf 85' lang='lat' dir='ltr'><strong>nn</strong></span> <span class='ocrx_word' id='word_1_8' title='bbox 787 422 1021 474; x_wconf 77' lang='lat' dir='ltr'><strong>wnunovnn‘</strong></span> 
     </span>
    </p>
   </div>
   <div class='ocr_carea' id='block_1_3' title="bbox 306 580 1258 666">
    <p class='ocr_par' dir='ltr' id='par_1_3' title="bbox 306 580 1258 666">
     <span class='ocr_line' id='line_1_4' title="bbox 306 580 1258 666; baseline -0.004 -18"><span class='ocrx_word' id='word_1_9' title='bbox 306 583 449 660; x_wconf 80' lang='lat' dir='ltr'><strong>tunitaS,</strong></span> <span class='ocrx_word' id='word_1_10' title='bbox 467 590 505 648; x_wconf 93' lang='lat' dir='ltr'><strong>ut</strong></span> <span class='ocrx_word' id='word_1_11' title='bbox 529 603 699 666; x_wconf 85' lang='lat' dir='ltr'><strong>nusquam</strong></span> <span class='ocrx_word' id='word_1_12' title='bbox 722 581 920 659; x_wconf 90' lang='lat' dir='ltr'><strong>remedium,</strong></span> <span class='ocrx_word' id='word_1_13' title='bbox 944 599 1115 663; x_wconf 81' lang='lat' dir='ltr'><strong>nusquam</strong></span> <span class='ocrx_word' id='word_1_14' title='bbox 1138 580 1258 644; x_wconf 91' lang='lat' dir='ltr'><strong>solati-</strong></span> 
     </span>
    </p>
   </div>
   <div class='ocr_carea' id='block_1_4' title="bbox 144 681 1259 768">
    <p class='ocr_par' dir='ltr' id='par_1_4' title="bbox 144 681 1259 768">
     <span class='ocr_line' id='line_1_5' title="bbox 144 681 1259 768; baseline 0.002 -26"><span class='ocrx_word' id='word_1_15' title='bbox 144 703 294 743; x_wconf 62' lang='lat' dir='ltr'><strong>secturae.</strong></span> <span class='ocrx_word' id='word_1_16' title='bbox 307 704 366 747; x_wconf 91' lang='lat' dir='ltr'><strong>um</strong></span> <span class='ocrx_word' id='word_1_17' title='bbox 388 692 592 766; x_wconf 85' lang='lat' dir='ltr'><strong>appareret3</strong></span> <span class='ocrx_word' id='word_1_18' title='bbox 626 684 775 768; x_wconf 91' lang='lat' dir='ltr'><strong>majores</strong></span> <span class='ocrx_word' id='word_1_19' title='bbox 798 690 833 746; x_wconf 91' lang='lat' dir='ltr'><strong>et</strong></span> <span class='ocrx_word' id='word_1_20' title='bbox 857 683 1019 757; x_wconf 90' lang='lat' dir='ltr'><strong>minores,</strong></span> <span class='ocrx_word' id='word_1_21' title='bbox 1040 681 1181 762; x_wconf 87' lang='lat' dir='ltr'><strong>paribus</strong></span> <span class='ocrx_word' id='word_1_22' title='bbox 1204 682 1259 744; x_wconf 92' lang='lat' dir='ltr'><strong>in·</strong></span> 
     </span>
    </p>
   </div>
   <div class='ocr_carea' id='block_1_5' title="bbox 147 1894 276 2034">
    <p class='ocr_par' dir='ltr' id='par_1_5' title="bbox 147 1894 276 2034">
     <span class='ocr_line' id='line_1_6' title="bbox 148 1894 276 1934; baseline -0.016 0"><span class='ocrx_word' id='word_1_23' title='bbox 148 1894 276 1934; x_wconf 77' lang='lat' dir='ltr'><strong>Miracnlous</strong></span> 
     </span>
     <span class='ocr_line' id='line_1_7' title="bbox 147 1945 272 1994; baseline 0 -11"><span class='ocrx_word' id='word_1_24' title='bbox 147 1945 240 1994; x_wconf 81' lang='lat' dir='ltr'><strong>promise</strong></span> <span class='ocrx_word' id='word_1_25' title='bbox 248 1945 272 1983; x_wconf 84' lang='lat' dir='ltr'><strong>of</strong></span> 
     </span>
     <span class='ocr_line' id='line_1_8' title="bbox 149 1995 271 2034; baseline 0 0"><span class='ocrx_word' id='word_1_26' title='bbox 149 1995 271 2034; x_wconf 74' lang='lat' dir='ltr'><strong>assistance.</strong></span> 
     </span>
    </p>
   </div>
   <div class='ocr_carea' id='block_1_6' title="bbox 307 781 1262 1665">
    <p class='ocr_par' dir='ltr' id='par_1_6' title="bbox 307 781 1262 1665">
     <span class='ocr_line' id='line_1_9' title="bbox 307 781 1258 860; baseline -0.005 -11"><span class='ocrx_word' id='word_1_27' title='bbox 307 784 416 849; x_wconf 87' lang='lat' dir='ltr'><strong>voluti</strong></span> <span class='ocrx_word' id='word_1_28' title='bbox 432 784 589 860; x_wconf 91' lang='lat' dir='ltr'><strong>miseriis,</strong></span> <span class='ocrx_word' id='word_1_29' title='bbox 608 784 738 846; x_wconf 91' lang='lat' dir='ltr'><strong>nullam</strong></span> <span class='ocrx_word' id='word_1_30' title='bbox 755 783 820 846; x_wconf 89' lang='lat' dir='ltr'><strong>sihi</strong></span> <span class='ocrx_word' id='word_1_31' title='bbox 836 781 1082 846; x_wconf 84' lang='lat' dir='ltr'><strong>consolationis</strong></span> <span class='ocrx_word' id='word_1_32' title='bbox 1098 781 1258 844; x_wconf 87' lang='lat' dir='ltr'><strong>laetitiam</strong></span> 
     </span>
     <span class='ocr_line' id='line_1_10' title="bbox 309 883 1259 965; baseline -0.003 -18"><span class='ocrx_word' id='word_1_33' title='bbox 309 883 351 947; x_wconf 95' lang='lat' dir='ltr'><strong>ad</strong></span> <span class='ocrx_word' id='word_1_34' title='bbox 384 883 531 947; x_wconf 90' lang='lat' dir='ltr'><strong>invicem</strong></span> <span class='ocrx_word' id='word_1_35' title='bbox 561 883 816 965; x_wconf 79' lang='lat' dir='ltr'>impendebant,</span> <span class='ocrx_word' id='word_1_36' title='bbox 846 890 882 945; x_wconf 89' lang='lat' dir='ltr'><strong>et</strong></span> <span class='ocrx_word' id='word_1_37' title='bbox 912 900 1080 946; x_wconf 87' lang='lat' dir='ltr'><strong>memores</strong></span> <span class='ocrx_word' id='word_1_38' title='bbox 1109 899 1259 944; x_wconf 84' lang='lat' dir='ltr'><strong>uxorum</strong></span> 
     </span>
     <span class='ocr_line' id='line_1_11' title="bbox 309 980 1259 1064; baseline 0 -18"><span class='ocrx_word' id='word_1_39' title='bbox 309 984 474 1048; x_wconf 90' lang='lat' dir='ltr'><strong>nobilium</strong></span> <span class='ocrx_word' id='word_1_40' title='bbox 506 991 540 1047; x_wconf 84' lang='lat' dir='ltr'><strong>et</strong></span> <span class='ocrx_word' id='word_1_41' title='bbox 568 984 766 1059; x_wconf 90' lang='lat' dir='ltr'><strong>liberorum,</strong></span> <span class='ocrx_word' id='word_1_42' title='bbox 795 1001 882 1064; x_wconf 89' lang='lat' dir='ltr'><strong>quos</strong></span> <span class='ocrx_word' id='word_1_43' title='bbox 912 981 1006 1045; x_wconf 94' lang='lat' dir='ltr'><strong>domi</strong></span> <span class='ocrx_word' id='word_1_44' title='bbox 1033 980 1259 1062; x_wconf 89' lang='lat' dir='ltr'><strong>reliquerant,</strong></span> 
     </span>
     <span class='ocr_line' id='line_1_12' title="bbox 310 1079 1260 1167; baseline -0.002 -20"><span class='ocrx_word' id='word_1_45' title='bbox 310 1084 533 1165; x_wconf 90' lang='lat' dir='ltr'><strong>amplissima,</strong></span> <span class='ocrx_word' id='word_1_46' title='bbox 562 1104 639 1167; x_wconf 89' lang='lat' dir='ltr'><strong>quae</strong></span> <span class='ocrx_word' id='word_1_47' title='bbox 666 1084 710 1147; x_wconf 91' lang='lat' dir='ltr'><strong>ob</strong></span> <span class='ocrx_word' id='word_1_48' title='bbox 741 1082 870 1146; x_wconf 89' lang='lat' dir='ltr'><strong>Christi</strong></span> <span class='ocrx_word' id='word_1_49' title='bbox 906 1082 1086 1145; x_wconf 88' lang='lat' dir='ltr'><strong>caritatem</strong></span> <span class='ocrx_word' id='word_1_50' title='bbox 1121 1079 1260 1144; x_wconf 90' lang='lat' dir='ltr'><strong>dimise·</strong></span> 
     </span>
     <span class='ocr_line' id='line_1_13' title="bbox 311 1180 1262 1266; baseline 0 -21"><span class='ocrx_word' id='word_1_51' title='bbox 311 1191 402 1260; x_wconf 88' lang='lat' dir='ltr'><strong>rant,</strong></span> <span class='ocrx_word' id='word_1_52' title='bbox 433 1185 641 1266; x_wconf 88' lang='lat' dir='ltr'><strong>patrimonia</strong></span> <span class='ocrx_word' id='word_1_53' title='bbox 676 1191 790 1246; x_wconf 89' lang='lat' dir='ltr'><strong>mente</strong></span> <span class='ocrx_word' id='word_1_54' title='bbox 827 1183 983 1246; x_wconf 91' lang='lat' dir='ltr'><strong>recolunt</strong></span> <span class='ocrx_word' id='word_1_55' title='bbox 1020 1188 1056 1243; x_wconf 89' lang='lat' dir='ltr'><strong>et</strong></span> <span class='ocrx_word' id='word_1_56' title='bbox 1089 1181 1190 1263; x_wconf 88' lang='lat' dir='ltr'><strong>quasi</strong></span> <span class='ocrx_word' id='word_1_57' title='bbox 1219 1180 1262 1245; x_wconf 88' lang='lat' dir='ltr'><strong>de</strong></span> 
     </span>
     <span class='ocr_line' id='line_1_14' title="bbox 310 1280 1261 1365; baseline -0.002 -19"><span class='ocrx_word' id='word_1_58' title='bbox 310 1283 429 1347; x_wconf 89' lang='lat' dir='ltr'><strong>divina</strong></span> <span class='ocrx_word' id='word_1_59' title='bbox 450 1291 699 1365; x_wconf 85' lang='lat' dir='ltr'><strong>conquerentes</strong></span> <span class='ocrx_word' id='word_1_60' title='bbox 724 1283 984 1363; x_wconf 82' lang='lat' dir='ltr'><strong>ingratitudine,</strong></span> <span class='ocrx_word' id='word_1_61' title='bbox 1009 1280 1100 1362; x_wconf 90' lang='lat' dir='ltr'><strong>qnod</strong></span> <span class='ocrx_word' id='word_1_62' title='bbox 1124 1280 1261 1344; x_wconf 88' lang='lat' dir='ltr'><strong>labores</strong></span> 
     </span>
     <span class='ocr_line' id='line_1_15' title="bbox 311 1381 1260 1462; baseline -0.002 -15"><span class='ocrx_word' id='word_1_63' title='bbox 311 1403 428 1447; x_wconf 91' lang='lat' dir='ltr'><strong>eorum</strong></span> <span class='ocrx_word' id='word_1_64' title='bbox 451 1390 487 1446; x_wconf 93' lang='lat' dir='ltr'><strong>et</strong></span> <span class='ocrx_word' id='word_1_65' title='bbox 500 1383 693 1447; x_wconf 89' lang='lat' dir='ltr'><strong>devotionis</strong></span> <span class='ocrx_word' id='word_1_66' title='bbox 716 1384 896 1447; x_wconf 89' lang='lat' dir='ltr'><strong>caritatem</strong></span> <span class='ocrx_word' id='word_1_67' title='bbox 918 1398 987 1445; x_wconf 92' lang='lat' dir='ltr'><strong>non</strong></span> <span class='ocrx_word' id='word_1_68' title='bbox 1006 1381 1181 1462; x_wconf 88' lang='lat' dir='ltr'><strong>respiciat,</strong></span> <span class='ocrx_word' id='word_1_69' title='bbox 1199 1382 1260 1445; x_wconf 92' lang='lat' dir='ltr'><strong>sed</strong></span> 
     </span>
     <span class='ocr_line' id='line_1_16' title="bbox 311 1480 1259 1565; baseline 0 -20"><span class='ocrx_word' id='word_1_70' title='bbox 311 1483 410 1564; x_wconf 91' lang='lat' dir='ltr'><strong>quasi</strong></span> <span class='ocrx_word' id='word_1_71' title='bbox 439 1502 459 1545; x_wconf 88' lang='lat' dir='ltr'><strong>a</strong></span> <span class='ocrx_word' id='word_1_72' title='bbox 484 1483 561 1547; x_wconf 90' lang='lat' dir='ltr'><strong>Deo</strong></span> <span class='ocrx_word' id='word_1_73' title='bbox 584 1482 733 1547; x_wconf 91' lang='lat' dir='ltr'><strong>alienum</strong></span> <span class='ocrx_word' id='word_1_74' title='bbox 766 1483 932 1565; x_wconf 89' lang='lat' dir='ltr'><strong>populum</strong></span> <span class='ocrx_word' id='word_1_75' title='bbox 960 1480 1049 1545; x_wconf 88' lang='lat' dir='ltr'><strong>tradi</strong></span> <span class='ocrx_word' id='word_1_76' title='bbox 1072 1481 1107 1542; x_wconf 92' lang='lat' dir='ltr'><strong>in</strong></span> <span class='ocrx_word' id='word_1_77' title='bbox 1136 1500 1259 1545; x_wconf 90' lang='lat' dir='ltr'><strong>manus</strong></span> 
     </span>
     <span class='ocr_line' id='line_1_17' title="bbox 311 1581 1253 1665; baseline 0.007 -21"><span class='ocrx_word' id='word_1_78' title='bbox 311 1581 460 1647; x_wconf 92' lang='lat' dir='ltr'><strong>hostium</strong></span> <span class='ocrx_word' id='word_1_79' title='bbox 478 1584 642 1665; x_wconf 88' lang='lat' dir='ltr'><strong>patiatur.</strong></span> <span class='ocrx_word' id='word_1_80' title='bbox 1251 1586 1253 1590; x_wconf 46' lang='lat'><em>⁴</em></span> 
     </span>
    </p>
   </div>
   <div class='ocr_carea' id='block_1_7' title="bbox 341 1754 1232 1841">
    <p class='ocr_par' dir='ltr' id='par_1_7' title="bbox 341 1754 1232 1841">
     <span class='ocr_line' id='line_1_18' title="bbox 341 1754 1232 1841; baseline 0.003 -23"><span class='ocrx_word' id='word_1_81' title='bbox 341 1755 391 1818; x_wconf 78' lang='lat' dir='ltr'><strong>Do</strong></span> <span class='ocrx_word' id='word_1_82' title='bbox 405 1754 604 1818; x_wconf 75' lang='lat' dir='ltr'><strong>consolatione</strong></span> <span class='ocrx_word' id='word_1_83' title='bbox 613 1756 791 1841; x_wconf 67' lang='lat' dir='ltr'><strong>peregrinis</strong></span> <span class='ocrx_word' id='word_1_84' title='bbox 805 1756 973 1840; x_wconf 69' lang='lat' dir='ltr'><strong>desperatis</strong></span> <span class='ocrx_word' id='word_1_85' title='bbox 988 1779 1009 1821; x_wconf 83' lang='lat' dir='ltr'><strong>a</strong></span> <span class='ocrx_word' id='word_1_86' title='bbox 1026 1759 1091 1821; x_wconf 76' lang='lat' dir='ltr'><strong>Deo</strong></span> <span class='ocrx_word' id='word_1_87' title='bbox 1107 1758 1232 1823; x_wconf 80' lang='lat' dir='ltr'><strong>collata.</strong></span> 
     </span>
    </p>
   </div>
   <div class='ocr_carea' id='block_1_8' title="bbox 305 1880 1263 3969">
    <p class='ocr_par' dir='ltr' id='par_1_8' title="bbox 305 1880 1263 3969">
     <span class='ocr_line' id='line_1_19' title="bbox 364 1880 1263 1967; baseline 0.006 -23"><span class='ocrx_word' id='word_1_88' title='bbox 364 1880 452 1944; x_wconf 90' lang='lat' dir='ltr'><strong>Cum</strong></span> <span class='ocrx_word' id='word_1_89' title='bbox 468 1901 550 1963; x_wconf 91' lang='lat' dir='ltr'><strong>ergo</strong></span> <span class='ocrx_word' id='word_1_90' title='bbox 563 1881 613 1945; x_wconf 89' lang='lat' dir='ltr'><strong>sic</strong></span> <span class='ocrx_word' id='word_1_91' title='bbox 627 1881 838 1963; x_wconf 87' lang='lat' dir='ltr'><strong>affligeretur</strong></span> <span class='ocrx_word' id='word_1_92' title='bbox 852 1882 919 1945; x_wconf 91' lang='lat' dir='ltr'><strong>Dei</strong></span> <span class='ocrx_word' id='word_1_93' title='bbox 934 1884 1095 1965; x_wconf 78' lang='lat' dir='ltr'><strong>popquS,</strong></span> <span class='ocrx_word' id='word_1_94' title='bbox 1108 1884 1263 1967; x_wconf 84' lang='lat' dir='ltr'><strong>respexit</strong></span> 
     </span>
     <span class='ocr_line' id='line_1_20' title="bbox 311 1979 1261 2063; baseline 0.006 -20"><span class='ocrx_word' id='word_1_95' title='bbox 311 1979 408 2044; x_wconf 94' lang='lat' dir='ltr'><strong>illum</strong></span> <span class='ocrx_word' id='word_1_96' title='bbox 424 1982 594 2044; x_wconf 90' lang='lat' dir='ltr'><strong>Dominus</strong></span> <span class='ocrx_word' id='word_1_97' title='bbox 610 1990 646 2045; x_wconf 89' lang='lat' dir='ltr'><strong>et</strong></span> <span class='ocrx_word' id='word_1_98' title='bbox 661 1983 810 2063; x_wconf 85' lang='lat' dir='ltr'><strong>gemitus</strong></span> <span class='ocrx_word' id='word_1_99' title='bbox 823 2002 941 2047; x_wconf 88' lang='lat' dir='ltr'><strong>eorum</strong></span> <span class='ocrx_word' id='word_1_100' title='bbox 958 1983 1103 2060; x_wconf 90' lang='lat' dir='ltr'><strong>audivit,</strong></span> <span class='ocrx_word' id='word_1_101' title='bbox 1119 1986 1261 2049; x_wconf 88' lang='lat' dir='ltr'><strong>mittens</strong></span> 
     </span>
     <span class='ocr_line' id='line_1_21' title="bbox 312 2079 1263 2166; baseline 0.007 -24"><span class='ocrx_word' id='word_1_102' title='bbox 312 2081 361 2143; x_wconf 91' lang='lat' dir='ltr'><strong>eis</strong></span> <span class='ocrx_word' id='word_1_103' title='bbox 377 2082 646 2145; x_wconf 85' lang='lat' dir='ltr'><strong>consolationem</strong></span> <span class='ocrx_word' id='word_1_104' title='bbox 660 2081 702 2145; x_wconf 92' lang='lat' dir='ltr'><strong>de</strong></span> <span class='ocrx_word' id='word_1_105' title='bbox 718 2082 798 2146; x_wconf 90' lang='lat' dir='ltr'><strong>sede</strong></span> <span class='ocrx_word' id='word_1_106' title='bbox 815 2083 1008 2166; x_wconf 91' lang='lat' dir='ltr'><strong>majestatis</strong></span> <span class='ocrx_word' id='word_1_107' title='bbox 1025 2103 1108 2147; x_wconf 88' lang='lat' dir='ltr'><strong>suae.</strong></span> <span class='ocrx_word' id='word_1_108' title='bbox 1137 2079 1263 2149; x_wconf 91' lang='lat' dir='ltr'><strong>¹Venit</strong></span> 
     </span>
     <span class='ocr_line' id='line_1_22' title="bbox 312 2182 1263 2266; baseline 0.002 -19"><span class='ocrx_word' id='word_1_109' title='bbox 312 2182 401 2247; x_wconf 83' lang='lat' dir='ltr'><strong>enim</strong></span> <span class='ocrx_word' id='word_1_110' title='bbox 431 2182 592 2245; x_wconf 86' lang='lat' dir='ltr'><strong>sacerdos</strong></span> <span class='ocrx_word' id='word_1_111' title='bbox 618 2182 756 2263; x_wconf 88' lang='lat' dir='ltr'><strong>quidam</strong></span> <span class='ocrx_word' id='word_1_112' title='bbox 779 2183 982 2264; x_wconf 88' lang='lat' dir='ltr'><strong>peregrinus</strong></span> <span class='ocrx_word' id='word_1_113' title='bbox 1003 2190 1038 2245; x_wconf 89' lang='lat' dir='ltr'><strong>et</strong></span> <span class='ocrx_word' id='word_1_114' title='bbox 1059 2203 1192 2266; x_wconf 86' lang='lat' dir='ltr'><strong>pauper</strong></span> <span class='ocrx_word' id='word_1_115' title='bbox 1219 2186 1263 2249; x_wconf 87' lang='lat' dir='ltr'><strong>de</strong></span> 
     </span>
     <span class='ocr_line' id='line_1_23' title="bbox 312 2281 1259 2364; baseline 0.005 -21"><span class='ocrx_word' id='word_1_116' title='bbox 312 2282 467 2344; x_wconf 89' lang='lat' dir='ltr'><strong>exercitu</strong></span> <span class='ocrx_word' id='word_1_117' title='bbox 496 2281 539 2343; x_wconf 92' lang='lat' dir='ltr'><strong>ad</strong></span> <span class='ocrx_word' id='word_1_118' title='bbox 569 2281 740 2363; x_wconf 87' lang='lat' dir='ltr'><strong>principes</strong></span> <span class='ocrx_word' id='word_1_119' title='bbox 770 2289 805 2345; x_wconf 90' lang='lat' dir='ltr'><strong>et</strong></span> <span class='ocrx_word' id='word_1_120' title='bbox 830 2282 1029 2364; x_wconf 88' lang='lat' dir='ltr'><strong>peregrinos</strong></span> <span class='ocrx_word' id='word_1_121' title='bbox 1060 2284 1259 2362; x_wconf 85' lang='lat' dir='ltr'><strong>occidentis,</strong></span> 
     </span>
     <span class='ocr_line' id='line_1_24' title="bbox 311 2379 1260 2458; baseline 0.005 -16"><span class='ocrx_word' id='word_1_122' title='bbox 311 2379 362 2442; x_wconf 90' lang='lat' dir='ltr'><strong>ita</strong></span> <span class='ocrx_word' id='word_1_123' title='bbox 378 2380 515 2458; x_wconf 84' lang='lat' dir='ltr'><strong>dicens3</strong></span> <span class='ocrx_word' id='word_1_124' title='bbox 541 2379 702 2457; x_wconf 68' lang='lat' dir='ltr'><strong>‘Audite</strong></span> <span class='ocrx_word' id='word_1_125' title='bbox 721 2381 845 2445; x_wconf 89' lang='lat' dir='ltr'><strong>fratres</strong></span> <span class='ocrx_word' id='word_1_126' title='bbox 868 2383 947 2458; x_wconf 90' lang='lat' dir='ltr'><strong>mei,</strong></span> <span class='ocrx_word' id='word_1_127' title='bbox 966 2382 1083 2446; x_wconf 89' lang='lat' dir='ltr'><strong>audite</strong></span> <span class='ocrx_word' id='word_1_128' title='bbox 1101 2391 1136 2447; x_wconf 91' lang='lat' dir='ltr'><strong>et</strong></span> <span class='ocrx_word' id='word_1_129' title='bbox 1158 2385 1260 2450; x_wconf 88' lang='lat' dir='ltr'><strong>amici</strong></span> 
     </span>
     <span class='ocr_line' id='line_1_25' title="bbox 310 2479 1260 2563; baseline 0.013 -22"><span class='ocrx_word' id='word_1_130' title='bbox 310 2479 490 2556; x_wconf 89' lang='lat' dir='ltr'><strong>carissimi,</strong></span> <span class='ocrx_word' id='word_1_131' title='bbox 509 2480 673 2544; x_wconf 87' lang='lat' dir='ltr'><strong>visionem</strong></span> <span class='ocrx_word' id='word_1_132' title='bbox 692 2501 796 2563; x_wconf 91' lang='lat' dir='ltr'><strong>quam</strong></span> <span class='ocrx_word' id='word_1_133' title='bbox 813 2479 896 2545; x_wconf 89' lang='lat' dir='ltr'><strong>vidi.</strong></span> <span class='ocrx_word' id='word_1_134' title='bbox 954 2480 1042 2545; x_wconf 85' lang='lat' dir='ltr'><strong>Cum</strong></span> <span class='ocrx_word' id='word_1_135' title='bbox 1060 2484 1096 2546; x_wconf 94' lang='lat' dir='ltr'><strong>in</strong></span> <span class='ocrx_word' id='word_1_136' title='bbox 1113 2485 1260 2554; x_wconf 79' lang='lat' dir='ltr'><strong>ecclesia</strong></span> 
     </span>
     <span class='ocr_line' id='line_1_26' title="bbox 311 2578 1259 2665; baseline 0.012 -25"><span class='ocrx_word' id='word_1_137' title='bbox 311 2578 377 2641; x_wconf 93' lang='lat' dir='ltr'><strong>Dei</strong></span> <span class='ocrx_word' id='word_1_138' title='bbox 398 2580 574 2660; x_wconf 85' lang='lat' dir='ltr'><strong>genitricis</strong></span> <span class='ocrx_word' id='word_1_139' title='bbox 600 2589 804 2663; x_wconf 89' lang='lat' dir='ltr'><strong>pernoctare</strong></span> <span class='ocrx_word' id='word_1_140' title='bbox 831 2579 1058 2645; x_wconf 86' lang='lat' dir='ltr'><strong>decrevissem</strong></span> <span class='ocrx_word' id='word_1_141' title='bbox 1082 2604 1146 2665; x_wconf 93' lang='lat' dir='ltr'><strong>pro</strong></span> <span class='ocrx_word' id='word_1_142' title='bbox 1178 2605 1259 2650; x_wconf 91' lang='lat' dir='ltr'><strong>nos-</strong></span> 
     </span>
     <span class='ocr_line' id='line_1_27' title="bbox 309 2678 1259 2764; baseline 0.007 -21"><span class='ocrx_word' id='word_1_143' title='bbox 309 2678 372 2743; x_wconf 84' lang='lat' dir='ltr'><strong>tris</strong></span> <span class='ocrx_word' id='word_1_144' title='bbox 397 2678 652 2744; x_wconf 89' lang='lat' dir='ltr'><strong>calamitatibus</strong></span> <span class='ocrx_word' id='word_1_145' title='bbox 671 2682 784 2744; x_wconf 92' lang='lat' dir='ltr'><strong>Deum</strong></span> <span class='ocrx_word' id='word_1_146' title='bbox 808 2689 1007 2763; x_wconf 91' lang='lat' dir='ltr'><strong>rogaturus,</strong></span> <span class='ocrx_word' id='word_1_147' title='bbox 1031 2684 1181 2764; x_wconf 88' lang='lat' dir='ltr'><strong>vigilans</strong></span> <span class='ocrx_word' id='word_1_148' title='bbox 1204 2686 1259 2750; x_wconf 84' lang='lat' dir='ltr'><strong>vel</strong></span> 
     </span>
     <span class='ocr_line' id='line_1_28' title="bbox 308 2778 1259 2861; baseline 0.009 -21"><span class='ocrx_word' id='word_1_149' title='bbox 308 2778 528 2861; x_wconf 88' lang='lat' dir='ltr'><strong>semisopitus</strong></span> <span class='ocrx_word' id='word_1_150' title='bbox 564 2782 691 2857; x_wconf 88' lang='lat' dir='ltr'><strong>neseio,</strong></span> <span class='ocrx_word' id='word_1_151' title='bbox 730 2781 826 2845; x_wconf 89' lang='lat' dir='ltr'><strong>Deus</strong></span> <span class='ocrx_word' id='word_1_152' title='bbox 858 2782 936 2858; x_wconf 88' lang='lat' dir='ltr'><strong>scit,</strong></span> <span class='ocrx_word' id='word_1_153' title='bbox 968 2783 1038 2846; x_wconf 84' lang='lat' dir='ltr'><strong>vidi</strong></span> <span class='ocrx_word' id='word_1_154' title='bbox 1069 2783 1259 2849; x_wconf 92' lang='lat' dir='ltr'><strong>Dominum</strong></span> 
     </span>
     <span class='ocr_line' id='line_1_29' title="bbox 309 2879 1258 2966; baseline 0.011 -26"><span class='ocrx_word' id='word_1_155' title='bbox 309 2884 465 2941; x_wconf 90' lang='lat' dir='ltr'><strong>nostrum</strong></span> <span class='ocrx_word' id='word_1_156' title='bbox 504 2879 625 2944; x_wconf 86' lang='lat' dir='ltr'><strong>Jesum</strong></span> <span class='ocrx_word' id='word_1_157' title='bbox 656 2881 845 2958; x_wconf 87' lang='lat' dir='ltr'><strong>Christum,</strong></span> <span class='ocrx_word' id='word_1_158' title='bbox 880 2901 943 2945; x_wconf 92' lang='lat' dir='ltr'><strong>nec</strong></span> <span class='ocrx_word' id='word_1_159' title='bbox 974 2888 1091 2946; x_wconf 87' lang='lat' dir='ltr'><strong>tamen</strong></span> <span class='ocrx_word' id='word_1_160' title='bbox 1131 2887 1258 2966; x_wconf 85' lang='lat' dir='ltr'><strong>agnovi</strong></span> 
     </span>
     <span class='ocr_line' id='line_1_30' title="bbox 309 2979 1260 3065; baseline 0.012 -26"><span class='ocrx_word' id='word_1_161' title='bbox 309 2996 407 3057; x_wconf 90' lang='lat' dir='ltr'><strong>eum;</strong></span> <span class='ocrx_word' id='word_1_162' title='bbox 431 2979 552 3044; x_wconf 90' lang='lat' dir='ltr'><strong>aderat</strong></span> <span class='ocrx_word' id='word_1_163' title='bbox 575 2981 679 3044; x_wconf 91' lang='lat' dir='ltr'><strong>etiam</strong></span> <span class='ocrx_word' id='word_1_164' title='bbox 699 2982 918 3045; x_wconf 88' lang='lat' dir='ltr'><strong>sanctissima</strong></span> <span class='ocrx_word' id='word_1_165' title='bbox 938 2982 1014 3065; x_wconf 92' lang='lat' dir='ltr'><strong>ejus</strong></span> <span class='ocrx_word' id='word_1_166' title='bbox 1040 2985 1205 3064; x_wconf 83' lang='lat' dir='ltr'><strong>genitrix,</strong></span> <span class='ocrx_word' id='word_1_167' title='bbox 1224 2990 1260 3051; x_wconf 85' lang='lat' dir='ltr'><strong>et</strong></span> 
     </span>
     <span class='ocr_line' id='line_1_31' title="bbox 308 3079 1257 3166; baseline 0.013 -26"><span class='ocrx_word' id='word_1_168' title='bbox 308 3079 468 3160; x_wconf 90' lang='lat' dir='ltr'><strong>princeps</strong></span> <span class='ocrx_word' id='word_1_169' title='bbox 497 3081 732 3162; x_wconf 88' lang='lat' dir='ltr'><strong>apostolorum</strong></span> <span class='ocrx_word' id='word_1_170' title='bbox 762 3081 901 3158; x_wconf 88' lang='lat' dir='ltr'><strong>Petrus,</strong></span> <span class='ocrx_word' id='word_1_171' title='bbox 924 3101 1012 3164; x_wconf 92' lang='lat' dir='ltr'><strong>quos</strong></span> <span class='ocrx_word' id='word_1_172' title='bbox 1038 3085 1257 3166; x_wconf 88' lang='lat' dir='ltr'><strong>aspiciebam.</strong></span> 
     </span>
     <span class='ocr_line' id='line_1_32' title="bbox 309 3176 1257 3264; baseline 0.009 -23"><span class='ocrx_word' id='word_1_173' title='bbox 309 3176 411 3241; x_wconf 87' lang='lat' dir='ltr'><strong>Dixit</strong></span> <span class='ocrx_word' id='word_1_174' title='bbox 439 3187 554 3243; x_wconf 88' lang='lat' dir='ltr'><strong>antem</strong></span> <span class='ocrx_word' id='word_1_175' title='bbox 593 3181 676 3243; x_wconf 93' lang='lat' dir='ltr'><strong>mihi</strong></span> <span class='ocrx_word' id='word_1_176' title='bbox 713 3181 896 3259; x_wconf 91' lang='lat' dir='ltr'><strong>Dominus,</strong></span> <span class='ocrx_word' id='word_1_177' title='bbox 936 3181 1136 3264; x_wconf 85' lang='lat' dir='ltr'><strong>‘Agnoscis</strong></span> <span class='ocrx_word' id='word_1_178' title='bbox 1166 3185 1257 3251; x_wconf 78' lang='lat' dir='ltr'><strong>mel&#39;</strong></span> 
     </span>
     <span class='ocr_line' id='line_1_33' title="bbox 307 3277 1258 3364; baseline 0.013 -26"><span class='ocrx_word' id='word_1_179' title='bbox 307 3277 431 3358; x_wconf 90' lang='lat' dir='ltr'><strong>inquit,</strong></span> <span class='ocrx_word' id='word_1_180' title='bbox 476 3280 532 3343; x_wconf 93' lang='lat' dir='ltr'><strong>cui</strong></span> <span class='ocrx_word' id='word_1_181' title='bbox 569 3300 646 3361; x_wconf 89' lang='lat' dir='ltr'><strong>ego,</strong></span> <span class='ocrx_word' id='word_1_182' title='bbox 686 3280 966 3364; x_wconf 68' lang='lat' dir='ltr'><strong>‘Nequaquam</strong></span> <span class='ocrx_word' id='word_1_183' title='bbox 1007 3283 1143 3348; x_wconf 92' lang='lat' dir='ltr'><strong>domine</strong></span> <span class='ocrx_word' id='word_1_184' title='bbox 1185 3287 1258 3352; x_wconf 91' lang='lat' dir='ltr'><strong>mi.&#39;</strong></span> 
     </span>
     <span class='ocr_line' id='line_1_34' title="bbox 308 3375 1255 3469; baseline 0.012 -29"><span class='ocrx_word' id='word_1_185' title='bbox 308 3375 452 3441; x_wconf 90' lang='lat' dir='ltr'><strong>Interim</strong></span> <span class='ocrx_word' id='word_1_186' title='bbox 484 3399 572 3443; x_wconf 87' lang='lat' dir='ltr'><strong>crux</strong></span> <span class='ocrx_word' id='word_1_187' title='bbox 605 3379 786 3462; x_wconf 91' lang='lat' dir='ltr'><strong>splendida</strong></span> <span class='ocrx_word' id='word_1_188' title='bbox 824 3402 929 3464; x_wconf 92' lang='lat' dir='ltr'><strong>super</strong></span> <span class='ocrx_word' id='word_1_189' title='bbox 958 3391 1064 3465; x_wconf 91' lang='lat' dir='ltr'><strong>caput</strong></span> <span class='ocrx_word' id='word_1_190' title='bbox 1093 3385 1168 3469; x_wconf 88' lang='lat' dir='ltr'><strong>ejus</strong></span> <span class='ocrx_word' id='word_1_191' title='bbox 1200 3406 1255 3451; x_wconf 90' lang='lat' dir='ltr'><strong>re·</strong></span> 
     </span>
     <span class='ocr_line' id='line_1_35' title="bbox 306 3477 1255 3566; baseline 0.014 -28"><span class='ocrx_word' id='word_1_192' title='bbox 306 3477 480 3558; x_wconf 92' lang='lat' dir='ltr'><strong>splenduit</strong></span> <span class='ocrx_word' id='word_1_193' title='bbox 512 3481 698 3562; x_wconf 83' lang='lat' dir='ltr'><strong>apposita3</strong></span> <span class='ocrx_word' id='word_1_194' title='bbox 730 3481 856 3544; x_wconf 94' lang='lat' dir='ltr'><strong>iterum</strong></span> <span class='ocrx_word' id='word_1_195' title='bbox 886 3483 1114 3566; x_wconf 87' lang='lat' dir='ltr'><strong>interrogavit</strong></span> <span class='ocrx_word' id='word_1_196' title='bbox 1138 3505 1193 3548; x_wconf 91' lang='lat' dir='ltr'><strong>me</strong></span> <span class='ocrx_word' id='word_1_197' title='bbox 1216 3494 1255 3551; x_wconf 90' lang='lat' dir='ltr'><strong>ut</strong></span> 
     </span>
     <span class='ocr_line' id='line_1_36' title="bbox 306 3577 1254 3668; baseline 0.015 -31"><span class='ocrx_word' id='word_1_198' title='bbox 306 3577 414 3657; x_wconf 91' lang='lat' dir='ltr'><strong>prius,</strong></span> <span class='ocrx_word' id='word_1_199' title='bbox 443 3586 479 3643; x_wconf 94' lang='lat' dir='ltr'><strong>et</strong></span> <span class='ocrx_word' id='word_1_200' title='bbox 506 3598 583 3662; x_wconf 90' lang='lat' dir='ltr'><strong>ego,</strong></span> <span class='ocrx_word' id='word_1_201' title='bbox 618 3580 793 3644; x_wconf 88' lang='lat' dir='ltr'><strong>‘Domine</strong></span> <span class='ocrx_word' id='word_1_202' title='bbox 826 3581 886 3659; x_wconf 87' lang='lat' dir='ltr'><strong>mi,</strong></span> <span class='ocrx_word' id='word_1_203' title='bbox 923 3583 952 3645; x_wconf 90' lang='lat' dir='ltr'><strong>si</strong></span> <span class='ocrx_word' id='word_1_204' title='bbox 984 3585 1070 3648; x_wconf 90' lang='lat' dir='ltr'><strong>bene</strong></span> <span class='ocrx_word' id='word_1_205' title='bbox 1102 3587 1254 3668; x_wconf 90' lang='lat' dir='ltr'><strong>percipio</strong></span> 
     </span>
     <span class='ocr_line' id='line_1_37' title="bbox 306 3671 1255 3765; baseline 0.013 -27"><span class='ocrx_word' id='word_1_206' title='bbox 306 3694 352 3738; x_wconf 82' lang='lat' dir='ltr'><strong>ex</strong></span> <span class='ocrx_word' id='word_1_207' title='bbox 378 3677 479 3758; x_wconf 92' lang='lat' dir='ltr'><strong>signo</strong></span> <span class='ocrx_word' id='word_1_208' title='bbox 504 3680 615 3742; x_wconf 88' lang='lat' dir='ltr'><strong>erucis</strong></span> <span class='ocrx_word' id='word_1_209' title='bbox 640 3681 747 3763; x_wconf 89' lang='lat' dir='ltr'><strong>capiti</strong></span> <span class='ocrx_word' id='word_1_210' title='bbox 768 3689 830 3745; x_wconf 92' lang='lat' dir='ltr'><strong>tuo</strong></span> <span class='ocrx_word' id='word_1_211' title='bbox 843 3671 1029 3765; x_wconf 86' lang='lat' dir='ltr'><strong>imposito,</strong></span> <span class='ocrx_word' id='word_1_212' title='bbox 1052 3686 1255 3750; x_wconf 82' lang='lat' dir='ltr'><strong>crucifixum</strong></span> 
     </span>
     <span class='ocr_line' id='line_1_38' title="bbox 305 3776 1256 3869; baseline 0.015 -32"><span class='ocrx_word' id='word_1_213' title='bbox 305 3783 341 3838; x_wconf 88' lang='lat' dir='ltr'><strong>et</strong></span> <span class='ocrx_word' id='word_1_214' title='bbox 361 3776 628 3860; x_wconf 88' lang='lat' dir='ltr'><strong>Redemptorem</strong></span> <span class='ocrx_word' id='word_1_215' title='bbox 653 3789 808 3846; x_wconf 90' lang='lat' dir='ltr'><strong>nostrum</strong></span> <span class='ocrx_word' id='word_1_216' title='bbox 829 3789 864 3847; x_wconf 89' lang='lat' dir='ltr'><strong>te</strong></span> <span class='ocrx_word' id='word_1_217' title='bbox 887 3803 962 3849; x_wconf 89' lang='lat' dir='ltr'><strong>esse</strong></span> <span class='ocrx_word' id='word_1_218' title='bbox 980 3785 1138 3868; x_wconf 89' lang='lat' dir='ltr'><strong>intelligo</strong></span> <span class='ocrx_word' id='word_1_219' title='bbox 1149 3786 1171 3866; x_wconf 86' lang='lat'><strong>3&#39;</strong></span> <span class='ocrx_word' id='word_1_220' title='bbox 1196 3787 1256 3869; x_wconf 92' lang='lat' dir='ltr'><strong>qui</strong></span> 
     </span>
     <span class='ocr_line' id='line_1_39' title="bbox 305 3878 1258 3969; baseline 0.012 -31"><span class='ocrx_word' id='word_1_221' title='bbox 305 3878 494 3958; x_wconf 88' lang='lat' dir='ltr'><strong>respondit,</strong></span> <span class='ocrx_word' id='word_1_222' title='bbox 513 3878 594 3944; x_wconf 87' lang='lat' dir='ltr'><strong>‘Itu</strong></span> <span class='ocrx_word' id='word_1_223' title='bbox 615 3888 668 3945; x_wconf 92' lang='lat' dir='ltr'><strong>est</strong></span> <span class='ocrx_word' id='word_1_224' title='bbox 688 3882 790 3965; x_wconf 91' lang='lat' dir='ltr'><strong>plane</strong></span> <span class='ocrx_word' id='word_1_225' title='bbox 805 3890 844 3946; x_wconf 94' lang='lat' dir='ltr'><strong>ut</strong></span> <span class='ocrx_word' id='word_1_226' title='bbox 862 3884 993 3948; x_wconf 81' lang='lat' dir='ltr'><strong>dicis&#39;.</strong></span> <span class='ocrx_word' id='word_1_227' title='bbox 1024 3885 1071 3949; x_wconf 92' lang='lat' dir='ltr'><strong>Et</strong></span> <span class='ocrx_word' id='word_1_228' title='bbox 1087 3906 1164 3968; x_wconf 89' lang='lat' dir='ltr'><strong>ego,</strong></span> <span class='ocrx_word' id='word_1_229' title='bbox 1179 3907 1258 3969; x_wconf 91' lang='lat' dir='ltr'><strong>per·</strong></span> 
     </span>
    </p>
   </div>
   <div class='ocr_carea' id='block_1_9' title="bbox 302 4081 1255 4291">
    <p class='ocr_par' dir='ltr' id='par_1_9' title="bbox 302 4081 1255 4291">
     <span class='ocr_line' id='line_1_40' title="bbox 341 4081 1255 4160; baseline 0.012 -27"><span class='ocrx_word' id='word_1_230' title='bbox 341 4081 349 4113; x_wconf 88' lang='lat'>¹</span> <span class='ocrx_word' id='word_1_231' title='bbox 365 4086 438 4134; x_wconf 80' lang='lat' dir='ltr'><strong>Venit</strong></span> <span class='ocrx_word' id='word_1_232' title='bbox 459 4089 522 4137; x_wconf 77' lang='lat' dir='ltr'><strong>enim</strong></span> <span class='ocrx_word' id='word_1_233' title='bbox 544 4086 682 4160; x_wconf 69' lang='lat' dir='ltr'><strong>rucuma]</strong></span> <span class='ocrx_word' id='word_1_234' title='bbox 711 4092 764 4141; x_wconf 90' lang='lat' dir='ltr'><strong>The</strong></span> <span class='ocrx_word' id='word_1_235' title='bbox 790 4107 865 4154; x_wconf 86' lang='lat' dir='ltr'><strong>pears</strong></span> <span class='ocrx_word' id='word_1_236' title='bbox 877 4097 903 4141; x_wconf 90' lang='lat' dir='ltr'><strong>to</strong></span> <span class='ocrx_word' id='word_1_237' title='bbox 916 4093 980 4141; x_wconf 83' lang='lat' dir='ltr'><strong>have</strong></span> <span class='ocrx_word' id='word_1_238' title='bbox 996 4091 1075 4140; x_wconf 82' lang='lat' dir='ltr'><strong>taken</strong></span> <span class='ocrx_word' id='word_1_239' title='bbox 1091 4093 1112 4141; x_wconf 90' lang='lat' dir='ltr'><strong>it</strong></span> <span class='ocrx_word' id='word_1_240' title='bbox 1126 4093 1190 4142; x_wconf 78' lang='lat' dir='ltr'><strong>from</strong></span> <span class='ocrx_word' id='word_1_241' title='bbox 1206 4096 1255 4144; x_wconf 82' lang='lat' dir='ltr'><strong>Ro·</strong></span> 
     </span>
     <span class='ocr_line' id='line_1_41' title="bbox 302 4154 1141 4223; baseline 0.011 -20"><span class='ocrx_word' id='word_1_242' title='bbox 302 4154 432 4219; x_wconf 85' lang='lat' dir='ltr'><strong>following</strong></span> <span class='ocrx_word' id='word_1_243' title='bbox 448 4159 538 4221; x_wconf 84' lang='lat' dir='ltr'><strong>legend</strong></span> <span class='ocrx_word' id='word_1_244' title='bbox 550 4161 573 4210; x_wconf 88' lang='lat' dir='ltr'><strong>is</strong></span> <span class='ocrx_word' id='word_1_245' title='bbox 587 4165 630 4211; x_wconf 90' lang='lat' dir='ltr'><strong>not</strong></span> <span class='ocrx_word' id='word_1_246' title='bbox 645 4162 766 4211; x_wconf 90' lang='lat' dir='ltr'><strong>recorded</strong></span> <span class='ocrx_word' id='word_1_247' title='bbox 791 4164 877 4211; x_wconf 85' lang='lat' dir='ltr'><strong>bertus</strong></span> <span class='ocrx_word' id='word_1_248' title='bbox 895 4162 1047 4223; x_wconf 84' lang='lat' dir='ltr'><strong>Monachus,</strong></span> <span class='ocrx_word' id='word_1_249' title='bbox 1059 4178 1084 4223; x_wconf 92' lang='lat' dir='ltr'><strong>p.</strong></span> <span class='ocrx_word' id='word_1_250' title='bbox 1101 4166 1141 4212; x_wconf 83' lang='grc'><strong>60.</strong></span> 
     </span>
     <span class='ocr_line' id='line_1_42' title="bbox 302 4225 765 4291; baseline 0.013 -16"><span class='ocrx_word' id='word_1_251' title='bbox 302 4225 336 4288; x_wconf 87' lang='lat' dir='ltr'><strong>by</strong></span> <span class='ocrx_word' id='word_1_252' title='bbox 347 4227 417 4277; x_wconf 89' lang='lat' dir='ltr'><strong>Will.</strong></span> <span class='ocrx_word' id='word_1_253' title='bbox 429 4229 458 4276; x_wconf 87' lang='lat' dir='ltr'><strong>of</strong></span> <span class='ocrx_word' id='word_1_254' title='bbox 465 4229 547 4290; x_wconf 78' lang='lat' dir='ltr'><strong>Tyre3</strong></span> <span class='ocrx_word' id='word_1_255' title='bbox 565 4231 706 4281; x_wconf 85' lang='lat' dir='ltr'><strong>Wendorer</strong></span> <span class='ocrx_word' id='word_1_256' title='bbox 722 4246 765 4291; x_wconf 87' lang='lat' dir='ltr'><strong>ap·</strong></span> 
     </span>
    </p>
   </div>
   <div class='ocr_carea' id='block_1_10' title="bbox 0 0 1414 4882">
    <p class='ocr_par' dir='ltr' id='par_1_10' title="bbox 0 0 1414 4882">
     <span class='ocr_line' id='line_1_43' title="bbox 0 0 1414 4882; baseline 0 0"><span class='ocrx_word' id='word_1_257' title='bbox 0 0 1414 4882; x_wconf 95' lang='lat' dir='ltr'><strong> </strong></span> 
     </span>
    </p>
   </div>
  </div>
 </body>
</html>
