2820 4882
337 378 404 445 374
587 396 722 444 nocam
747 395 794 443 nn
817 392 1026 443 wannovna

175 578 300 623 annu.
338 556 443 637 quarn
459 552 625 635 peditum,
639 551 789 636 plurima
811 552 877 616 sibi
898 550 1112 633 suffragante
1134 539 1289 627 caterva,

340 670 446 717 naves
467 651 635 730 ascendit,
659 659 707 730 et,
725 652 812 717 velis
834 652 871 716 in
894 651 1004 715 altum
1028 649 1206 733 expansis
1224 667 1288 731 ap·

340 752 463 836 plicuit
483 752 520 816 in
543 750 724 815 suthfolca
745 752 838 834 apud
852 751 1077 815 Waletunam
1098 748 1203 813 tertio
1224 747 1289 810 lra-

337 851 464 919 .lendas
495 851 669 927 Octobris,
701 851 763 934 qui
793 850 941 915 navibus
967 869 1046 914 cum
1068 847 1290 912 festinatione

341 969 503 1032 egressus
539 959 691 1015 castrum
727 950 883 1034 ejusdem
915 948 1008 1013 villae
1044 947 1191 1025 obsedit,
1228 946 1290 1010 sed

341 1049 426 1113 nihil
453 1050 592 1114 omnino
613 1049 778 1133 profecit3
806 1050 955 1132 indeque
976 1047 1201 1130 progrediens
1223 1052 1290 1110 ter·

343 1149 392 1213 tio
414 1149 492 1214 idus
510 1149 672 1214 Octobris
693 1148 874 1213 castellum
896 1148 939 1212 de
962 1148 1128 1230 Hagenet
1148 1145 1289 1222 invasit,

343 1248 435 1331 cepit
452 1257 488 1314 et
500 1248 690 1326 succendit,
704 1255 740 1313 et
757 1248 884 1314 milites
899 1248 1044 1329 triginta
1057 1248 1151 1311 intus
1168 1252 1291 1329 captos

343 1347 388 1411 ad
414 1348 683 1431 redemptionem
709 1348 835 1430 coegit.
888 1346 1102 1429 Regrediens
1130 1345 1211 1410 inde
1246 1344 1289 1408 ad

344 1446 621 1530 Fremingeham,
645 1466 724 1511 cum
747 1466 845 1511 mora
870 1445 946 1530 ejus
977 1463 1124 1510 onerosa
1143 1443 1292 1527 Hugoni

343 1545 458 1626 Bigod
506 1546 641 1610 castelli
678 1546 817 1610 domino
854 1545 1040 1621 videretur,
1084 1544 1293 1609 necessitate

343 1645 468 1709 ductas
500 1646 651 1709 animum
683 1645 812 1710 direxit
839 1652 874 1710 et
904 1663 1061 1727 gressum
1098 1644 1142 1708 ad
1178 1644 1291 1725 Lege·

344 1744 505 1808 cestriam
522 1744 745 1810 visitandum.
797 1744 872 1809 Iter
893 1745 1000 1826 igitur
1019 1744 1188 1827 arripiens
1210 1763 1293 1829 pro-

343 1844 462 1927 posuit
501 1845 648 1926 burgum
679 1844 791 1908 sancti
822 1842 1017 1907 Eadmundi
1046 1863 1091 1907 ex
1120 1842 1295 1907 industria

344 1942 510 2007 itinerans
543 1943 746 2023 sinistrare3
778 1943 873 2027 quod
902 1943 1076 2008 exercitus
1097 1943 1191 2024 regis
1215 1940 1293 2006 An·

344 2042 437 2123 gliae,
452 2043 512 2126 qui
528 2044 573 2106 ad
591 2044 713 2126 patriae
726 2043 820 2107 illius
842 2043 1035 2107 custodiam
1051 2042 1166 2107 fuerat
1182 2043 1295 2124 assig-

345 2148 462 2219 natus,
488 2162 557 2207 non
579 2143 721 2207 latebat.
773 2142 930 2225 Stipatns
947 2162 1030 2225 ergo
1047 2161 1162 2207 comes
1180 2141 1294 2224 Lege·

346 2241 530 2305 cestrensis
545 2241 654 2307 milite
668 2242 820 2325 copioso,
835 2243 893 2324 qui
909 2249 1053 2325 paratus
1075 2243 1119 2306 ad
1139 2260 1294 2324 pugnam

346 2347 435 2418 erat,
455 2340 493 2403 in
515 2342 626 2405 tribus
650 2341 801 2406 millibus
825 2341 1102 2419 Flandrensium,
1126 2340 1295 2424 quosviae

347 2440 535 2523 participes
550 2448 632 2505 tunc
646 2440 776 2517 habuit,
793 2461 864 2505 non
886 2441 1064 2504 minimum
1086 2441 1295 2505 confidebat.

349 2537 444 2603 Inito
470 2541 589 2622 itaque
615 2541 814 2618 certamine,
842 2547 878 2605 et
905 2539 1030 2605 ictibus
1051 2539 1184 2604 ictuum
1207 2539 1296 2603 assi·

348 2637 480 2703 duitate
513 2640 731 2722 compressis,
766 2647 848 2723 post
880 2640 963 2703 belli
996 2640 1111 2704 varios
1149 2646 1296 2704 eventus

347 2755 464 2801 comes
488 2746 524 2803 et
557 2740 745 2817 comitissa,
773 2739 1016 2817 Flandrenses,
1040 2738 1237 2803 Normanni
1260 2745 1298 2802 et

349 2835 477 2901 Franci
492 2844 527 2902 et
544 2839 604 2920 qui
618 2859 698 2903 cum
712 2839 762 2902 eis
776 2845 955 2917 venerant,
972 2858 1090 2902 omnes
1110 2839 1299 2921 capiuntur

347 2934 480 3001 decimo
507 2945 610 3002 sexto
640 2936 807 3002 kalendas
837 2938 1057 3003 Novembris.
1109 2936 1299 3002 Comitissa

348 3041 431 3098 vero
459 3036 626 3100 annulum
654 3037 785 3101 habens
815 3037 851 3101 in
885 3037 995 3120 digito
1031 3036 1222 3120 pretiosum
1259 3037 1299 3099 in

314 3155 318 3165 ·
348 3152 482 3198 amnem
512 3155 620 3218 prope
649 3136 813 3201 fluentem
840 3156 914 3220 prae
945 3135 1184 3218 indignatione
1215 3155 1299 3219 pro·

344 3232 442 3315 jecit,
458 3233 579 3298 nolens
598 3234 755 3299 hostibus
781 3236 853 3300 suis
875 3236 918 3299 de
943 3255 1008 3301 sua
1033 3236 1192 3319 captione
1217 3242 1297 3299 tan·

349 3338 424 3394 tum
454 3332 579 3397 babere
609 3342 827 3417 proventum.
887 3334 1043 3400 Tandem
1075 3354 1157 3417 pars
1186 3335 1300 3419 major

352 3429 615 3495 Flandrensium
641 3432 820 3511 occiditur,
846 3453 929 3516 pars
957 3433 1115 3518 quaedam
1143 3435 1301 3497 submer-

349 3528 455 3610 gitur,
473 3549 553 3612 pars
569 3531 711 3596 minima
728 3533 772 3596 ad
788 3533 929 3597 vincula
945 3534 1094 3597 trahitur
1107 3532 1300 3615 subeunda,

349 3647 419 3709 quo
433 3630 598 3694 carcerali
615 3632 783 3696 custodiae
799 3632 995 3716 deputetur.

381 3790 471 3870 Quod
485 3814 540 3857 rea
556 3793 714 3860 Hearicas
728 3796 838 3862 maltos
852 3796 983 3862 lodium
996 3774 1262 3884 samnm'oaperit.

275 3957 307 4036 ¹.
397 3911 511 3999 Rege¹
547 3917 743 4001 Anglorum
781 3928 880 4003 patre
912 3921 1004 4004 apud
1036 3921 1298 4004 Rothomagum

451 4174 537 4240 ¹chc
545 4178 705 4244 Aigoua]
722 4183 824 4247 Diceto,
832 4185 881 4234 col.
893 4186 958 4245 5743
976 4183 1111 4245 Hoveden‚
1121 4188 1180 4235 tas.
