2820 4882
362 415 501 464 riorus
525 416 795 468 marcomanni.
988 404 1053 471 143

97 568 299 638 domiciliis¹
322 581 358 638 et
377 576 565 640 coenaculis
593 576 739 641 occultis
766 576 988 644 extrahentes
1014 581 1051 645 in
1064 598 1188 638 annom

97 674 290 754 publicum,
306 681 369 739 aut
382 675 507 758 gladiis
524 679 863 756 transverberabant,
879 686 941 742 aut
962 700 1051 762 prae·
1064 648 1214 740 mea

98 774 220 855 cipitia
236 775 378 852 dabant,
400 775 451 839 ita
473 783 513 839 ut
530 775 714 840 confractis
732 778 923 842 cervicibus
944 781 1051 844 inter·

98 873 214 953 irent3
248 881 284 938 et
306 875 504 958 quicunque
526 875 664 938 domum
690 876 746 941 vel
773 877 942 959 palatium
969 899 1051 945 con·

97 971 251 1054 fringere
267 974 323 1037 vel
346 975 442 1056 prius
464 976 594 1039 intrare
617 983 767 1058 poterat,
790 996 866 1041 eam
888 979 953 1042 sibi
973 999 1051 1043 cum

97 1073 265 1137 universa
292 1074 489 1138 substantia
514 1074 594 1158 jure
624 1082 792 1158 perpetuo
825 1078 1050 1159 vendicabat3

97 1172 149 1235 sio
179 1173 274 1236 enim
305 1175 397 1238 inter
427 1175 600 1256 principes
630 1183 852 1253 convenerat,
882 1184 934 1254 ut,
964 1179 1049 1243 urbe

97 1280 316 1354 expugnata,
346 1274 394 1351 id,
425 1273 517 1355 quod
549 1273 694 1356 quilibet
731 1274 941 1357 adquireret,
970 1277 1051 1362 jure

97 1370 320 1437 haereditario
353 1374 563 1455 possideret3
595 1374 687 1438 unde
719 1375 916 1457 quicunque
952 1379 1049 1459 prius

97 1470 241 1536 domum
274 1473 331 1537 vel
368 1473 550 1537 aedificium
587 1473 817 1557 quodcunque
854 1479 1050 1559 occupavit,

97 1571 268 1634 vexillum
284 1573 340 1637 vel
361 1572 519 1657 clypeum
542 1574 598 1638 vel
623 1573 717 1636 aliud
743 1592 915 1639 armorum
939 1596 1048 1658 genus

96 1670 133 1733 in
150 1671 299 1736 introitu
321 1673 528 1755 configebat,
550 1680 591 1737 ut
610 1681 702 1738 esset
723 1673 862 1755 signum
885 1676 1050 1740 acceden-

98 1770 193 1833 tibus
213 1790 258 1834 ne
280 1791 437 1853 gressum
462 1773 510 1837 ibi
535 1773 694 1855 figerent,
716 1772 777 1835 sed
796 1774 935 1838 domum
959 1795 1049 1858 proe-

97 1870 256 1947 terirent,
271 1873 371 1952 quasi
389 1873 433 1936 ab
448 1872 526 1936 aliis
541 1879 756 1954 occupatam.

328 2046 500 2131 Principes
515 2046 582 2111 loco
595 2055 704 2110 sccctc
713 2055 835 2132 petam.

162 2163 332 2235 Civitate²
355 2171 474 2254 itaque
497 2171 685 2254 subjugata
707 2178 742 2234 et
766 2170 885 2252 spoliis
910 2188 932 2232 a
953 2151 1050 2252 pere·
1063 2186 1181 2276 ffi¹¹⁸¹⁰

99 2269 211 2352 grinis
242 2270 430 2335 victoribus
463 2271 630 2347 collectis,
662 2270 852 2352 sedatoque
886 2272 1050 2349 tumultu,
1130 2265 1135 2277 '

100 2376 293 2451 coeperunt,
312 2370 477 2452 depositis
500 2369 616 2446 armis,
633 2371 670 2433 in
695 2370 819 2451 spiritu
844 2369 1051 2434 humilitatis

100 2488 179 2532 cum
206 2470 338 2550 gemitu
370 2477 405 2533 et
434 2466 632 2552 lachrymis,
663 2469 765 2532 nudis
788 2469 943 2551 pedibus,
974 2470 1052 2534 loca

100 2568 324 2645 venerabilia,
350 2588 428 2650 quae
450 2568 612 2633 Salvator
637 2569 778 2651 propria
807 2576 860 2633 est
887 2569 1051 2650 dignatus

100 2667 319 2732 sanctificare
342 2667 541 2750 praesentia,
570 2687 644 2730 oum
671 2669 764 2730 omni
784 2668 967 2733 devotione
986 2670 1052 2732 oir-

101 2766 244 2844 cumire,
259 2774 295 2831 et
320 2767 516 2849 specialiter
537 2766 717 2831 ecclesiam
735 2774 866 2831 sanctae
880 2786 1052 2833 resurrec-

101 2866 206 2930 tionis
224 2873 259 2930 et
275 2866 467 2930 Dominicae
485 2867 665 2948 passionis.
719 2866 806 2929 Erat
823 2867 950 2930 intueri
966 2887 1050 2932 sane

97 2965 399 3049 jucundissimum,
425 2973 558 3048 quanta
582 2964 765 3029 devotione
789 2965 915 3030 fideles⁴
931 2969 1050 3050 populi

101 3065 282 3148 utriusque
304 3084 423 3142 sexus,
449 3073 583 3148 quanta
611 3064 736 3128 mentis
767 3067 983 3129 exultatione
1015 3075 1051 3132 et

102 3164 284 3229 dulcedine
311 3165 494 3247 spirituali,
516 3164 603 3229 fusis
624 3165 772 3227 ubertim
791 3164 989 3248 lachrymis,
1005 3166 1050 3229 ad

100 3264 179 3328 loca
213 3272 336 3328 sancta
368 3264 591 3343 accederent;
630 3271 779 3345 quantas
810 3266 941 3345 gratias
972 3265 1049 3328 Deo

102 3370 259 3445 agerent,
281 3364 341 3446 qui
370 3370 479 3428 tantae
503 3365 553 3427 eis
578 3363 873 3446 peregrinationis
890 3382 1049 3427 consum·

102 3464 289 3527 mationem
310 3463 354 3526 ad
372 3463 531 3526 effectum
553 3464 739 3546 perducere
762 3471 991 3540 concesserat,
1014 3472 1050 3528 et

103 3582 147 3625 ex
169 3563 285 3627 fructu
311 3563 469 3627 laborum
496 3582 636 3626 suorum
667 3569 702 3626 et
728 3562 892 3625 exhibitae
917 3564 1049 3627 militiae

101 3661 264 3743 dignatus
286 3669 362 3726 erat
377 3663 447 3726 illis
464 3681 571 3745 supra
586 3662 710 3744 merita
734 3662 907 3744 stipendia
930 3682 1049 3726 nume-

102 3780 178 3824 rare
191 3782 200 3842 3
224 3762 290 3826 suit
304 3769 419 3826 autem
437 3763 595 3826 omnibus
606 3781 676 3826 una
687 3762 723 3824 in
736 3780 848 3825 arram
859 3761 984 3825 futurae
996 3782 1050 3825 re·

104 3861 300 3925 tributionis
317 3861 455 3939 fiducia,
465 3861 557 3944 quod
572 3881 634 3944 per
650 3860 870 3926 collationem
882 3861 1050 3925 donorum

103 3961 336 4042 praesentium,
357 3961 457 4024 firma
481 3961 527 4024 sit
548 3961 598 4024 eis
624 3961 822 4043 expectatio
843 3960 1050 4039 futurorum,

120 4137 316 4258 Ιιίὶζ)ο,ηιιόἱὶὶιέ.]
340 4139 372 4189 In
391 4140 448 4190 MS.
471 4138 564 4187 ‘homi
624 4135 771 4257 zggcitcte]
784 4136 1049 4200 GompareWill.'l'yr.

107 4223 127 4259 cr
155 4224 186 4260 rs.
589 4223 616 4268 p.
679 4242 685 4257 .
