2820 4882
419 395 558 444 rnonus
582 395 852 447 ursroamnuu.
1040 385 1107 449 259

155 550 295 615 clesiam
312 553 488 634 perduxit,
505 555 564 618 ubi
587 574 649 636 per
669 556 742 619 dies
759 556 955 638 quindecim
973 558 1101 622 oratio·
1117 575 1171 615 no.
1184 578 1240 615 11⁵³.

155 652 256 715 nibus
273 651 419 717 devotus
437 654 603 732 instabat,
619 662 654 719 et
671 656 741 719 illis
758 657 808 721 sic
825 657 946 720 diebus
962 658 1102 739 elapsis,
1114 626 1267 726 b‘a’ir‘fbb‘bht’

153 770 254 815 mane
280 753 387 816 missa
417 771 439 816 a
465 754 579 834 priore
611 755 797 832 celebrata,
823 776 924 821 sacra
948 777 1101 822 commu·
1114 727 1222 768 mi*

152 851 255 915 nione
283 853 427 917 militem
458 856 696 932 communivit,
730 857 988 939 adductumque
1023 878 1101 940 spe·

154 951 265 1015 luncae
281 952 461 1016 introitum
481 973 574 1036 aqua
590 974 668 1018 eum
685 956 868 1019 benedicta
890 957 1050 1039 aspersit,
1065 966 1101 1022 et

153 1058 272 1133 aperto
289 1053 379 1117 ostio
394 1052 496 1130 dixit,
511 1059 520 1087 ‘
534 1054 625 1118 Ecce
638 1075 730 1119 nunc
747 1056 894 1120 intrabis
912 1057 948 1119 in
962 1059 1100 1121 nomine

151 1150 174 1214 J
177 1170 239 1215 esu
258 1150 400 1230 Christi,
415 1161 451 1217 et
468 1174 529 1236 per
545 1156 798 1219 concavitatem
820 1157 995 1237 speluncae
1010 1163 1099 1220 tam-

152 1250 210 1314 diu
233 1252 438 1327 ambulabis,
462 1253 570 1316 donec
599 1255 635 1317 in
661 1275 768 1318 unum
791 1275 951 1337 campum
977 1255 1099 1320 exiens

153 1351 267 1414 aulam
282 1352 438 1416 invenies
453 1352 736 1418 artificiosissime
751 1354 954 1420 fabricatam
968 1376 976 1435 ;
995 1375 1098 1438 quam

151 1470 229 1514 cum
253 1452 430 1532 ingressus
453 1451 571 1529 fueris,
589 1455 708 1518 statim
732 1475 776 1518 ex
799 1463 898 1537 parte
922 1455 990 1519 Dei
1012 1475 1100 1519 nun-

151 1553 218 1615 tios
235 1551 390 1628 babebis,
406 1551 466 1634 qui
483 1552 546 1616 tibi
568 1553 626 1635 pie
642 1555 726 1636 quid
743 1554 850 1619 facies
873 1555 1099 1619 indicabunt?

151 1651 216 1714 Vir
244 1658 361 1715 autem
384 1652 443 1715 ille
467 1653 601 1716 virilem
619 1673 743 1736 gerens
769 1655 921 1719 animum
944 1655 989 1718 ad
1012 1674 1100 1738 pug-

150 1771 228 1814 nam
246 1752 442 1815 daemonum
457 1753 622 1816 audacter
638 1754 810 1837 prorupit,
826 1763 932 1838 atque
947 1757 1098 1824 omnium

149 1872 186 1915 se
215 1853 431 1916 orationibus
453 1854 697 1918 commendans
718 1854 867 1919 frontem
890 1875 989 1919 suam
1009 1855 1098 1920 rivi·

149 1951 222 2016 ficae
245 1953 359 2015 crucis
390 1952 490 2034 signo
516 1954 665 2018 munivit
687 1961 724 2018 et
745 1954 938 2036 intrepidus
961 1962 1098 2035 portam

148 2052 304 2129 intravit,
327 2060 374 2130 et,
397 2053 487 2117 ostio
509 2060 589 2135 post
609 2073 688 2118 eum
708 2055 883 2131 obserato,
904 2053 999 2136 prior
1021 2073 1096 2118 cum

148 2153 366 2234 processione
381 2153 560 2217 ecclesiam
577 2154 751 2238 repetivit.

222 2329 311 2408 Quod
324 2327 409 2392 mike
423 2328 470 2392 od
482 2328 591 2392 calam
599 2329 780 2414 perveniens
795 2349 862 2392 eom
879 2328 1021 2391 intravit.

200 2453 303 2517 Miles
325 2454 443 2536 itaque
461 2473 523 2535 per
545 2453 745 2534 speluncam
769 2453 936 2516 audacter
955 2472 1096 2534 progre-

148 2552 245 2617 diens
272 2553 389 2616 lumen
425 2553 594 2638 paulatim
627 2553 735 2616 totius
764 2552 933 2616 claritatis
967 2553 1095 2628 amisit,

149 2654 209 2717 sed
223 2653 376 2731 tandem,
392 2673 501 2737 parvo
514 2653 644 2717 lumine
659 2659 861 2735 apparente,
877 2652 922 2716 ad
937 2671 1096 2734 campum

148 2754 352 2836 praedictum
373 2753 532 2835 pervenit
548 2750 584 2818 et
606 2753 743 2833 aulam;
766 2753 830 2816 lux
852 2752 900 2815 ibi
922 2771 992 2815 non
1010 2760 1096 2828 erat,

148 2855 213 2918 nisi
231 2854 345 2938 qualis
367 2853 403 2917 in
419 2873 565 2937 vespera
586 2853 642 2917 hic
661 2853 819 2928 babetur,
842 2852 922 2915 aula
946 2851 1097 2933 parietes

149 2974 218 3018 uon
239 2954 402 3032 habebat,
422 2953 483 3017 sed
500 2954 669 3018 columnis
687 2959 763 3016 erat
783 2971 846 3034 per
868 2972 992 3035 gyrum
1014 2953 1096 3015 sub-

149 3056 245 3132 nixa,
260 3061 300 3118 ut
320 3055 510 3118 claustrum
531 3054 621 3118 solet
642 3052 901 3117 monachorum.
954 3050 1096 3132 Ingres-

148 3173 277 3237 susque
294 3172 384 3232 eam,
400 3161 436 3217 et
452 3154 546 3217 intus
568 3153 705 3230 sedem,
721 3152 841 3217 oculos
857 3149 1012 3213 studiose
1028 3149 1096 3213 huc

148 3255 301 3336 illucque
324 3254 507 3331 convertit,
540 3253 715 3317 admirans
743 3252 837 3315 illius
869 3249 1096 3330 pulchritudi-

148 3373 226 3418 nem
252 3362 289 3418 et
320 3361 559 3433 structuram3
590 3353 649 3416 ubi
673 3372 751 3416 cum
785 3349 964 3432 paululum
1001 3349 1096 3413 solus

149 3454 308 3531 sedisset,
331 3473 410 3518 ecce
441 3453 636 3535 quindecim
665 3452 731 3516 viri
759 3451 860 3533 quasi
888 3448 1043 3531 religiosi
1061 3455 1097 3512 et

148 3574 258 3637 nuper
279 3554 363 3631 rasi,
383 3554 539 3636 albisque
563 3553 718 3618 vestibus
743 3551 868 3627 induti,
890 3550 1021 3631 regiam
1043 3549 1096 3610 in·

150 3661 342 3731 treverum,
362 3661 398 3717 et
419 3654 612 3717 salutantes
633 3672 712 3716 eum
734 3651 771 3714 in
791 3651 929 3714 nomine
955 3649 1096 3712 Domini

149 3754 390 3819 consederunt.
448 3753 561 3830 Tunc,
587 3752 665 3816 aliis
692 3752 903 3826 tacentibus,
931 3767 1021 3812 unus
1047 3747 1098 3810 lo·

149 3855 321 3935 quebatur
337 3874 415 3918 cum
437 3853 514 3938 ipso
530 3854 660 3930 dicenS,
685 3851 918 3918 ‘Benedictus
936 3849 982 3912 sit
1000 3847 1098 3910 Deus

150 3955 380 4036 omnipotens,
406 3955 465 4036 qui
481 3955 609 4018 bonum
630 3953 693 4017 tibi
710 3951 928 4034 propositum
951 3948 1100 4030 inspira-

149 4055 211 4133 vit,
229 4062 268 4119 ut
290 4055 526 4137 propeccatis
550 4054 619 4118 tuis
643 4051 884 4136 purgatorium
906 4049 972 4111 boc
992 4049 1102 4112 intra-

148 4175 223 4236 rcs3
242 4153 316 4232 sed,
333 4155 448 4220 uisite
460 4153 607 4220 viriliter
622 4153 765 4231 habeas,
779 4169 923 4234 corpore
937 4156 973 4212 ct
987 4149 1104 4213 anima

955 4273 994 4318 sa
