2820 4882
317 392 383 456 250
578 406 712 453 sennar
737 406 784 452 nn
807 405 1014 454 wendover

161 598 283 637 mun,
319 564 593 629 benedictionem
607 563 772 645 suscepit.
824 562 1026 645 Supervixit
1044 569 1160 626 autem
1179 572 1275 643 'prae-

321 664 481 728 decessor
512 663 587 747 ejus
615 671 697 746 post
726 663 836 744 ipsius
870 662 1121 744 promotionem
1150 661 1274 725 diebus

322 763 559 838 novendecim,
582 769 619 828 et
647 769 729 826 tunc
756 763 940 826 defunctus
970 761 1127 843 sepultus
1154 768 1210 825 est
1235 761 1273 824 in

321 863 475 944 capitulo
500 862 536 924 in
561 861 707 927 aliorum
734 862 898 925 abbatum
920 861 1040 925 ordine
1061 869 1273 926 reverenter.

322 961 452 1026 Eodem
479 981 571 1025 anno
594 961 721 1026 dictum
749 969 803 1026 est
830 959 967 1025 cuidam
997 961 1033 1023 in
1059 961 1203 1036 somnis,
1234 968 1275 1024 ut

322 1080 445 1125 manus
468 1079 550 1124 suas
574 1066 751 1126 truncaret
772 1067 808 1124 et
830 1059 935 1142 pedes
953 1066 989 1123 et
1011 1060 1061 1123 sic
1076 1059 1196 1123 salvus
1212 1059 1274 1121 tie-

323 1168 388 1237 ret,
414 1160 506 1242 quod
534 1180 612 1225 cum
638 1160 777 1224 fecisset
802 1160 921 1223 statim
947 1159 1168 1240 exspiravit..
1204 1158 1274 1225 Illo

322 1279 414 1324 anno
443 1260 528 1325 obiit
554 1253 743 1335 ¹Matildis,
772 1279 862 1323 uxor
889 1258 980 1340 regis
1009 1257 1189 1339 Stephani,
1216 1257 1273 1322 die

322 1359 529 1423 inventionis
547 1365 678 1423 sanctae
693 1357 815 1422 Crucis
833 1358 925 1440 apud
942 1357 1178 1438 Haingeham,
1195 1376 1274 1421 cas-

324 1458 443 1521 tellum
467 1459 603 1522 comitis
618 1456 770 1522 Alberici
787 1458 830 1521 de
846 1457 931 1534 Ver,
951 1457 1043 1521 etin
1066 1457 1207 1522 abbatia
1229 1457 1274 1522 de

325 1556 548 1633 Feversham,
559 1576 663 1639 quam
678 1578 742 1621 rex
758 1557 955 1639 Stephanus
970 1556 1188 1633 fundaverat,
1204 1564 1276 1621 tra-

324 1656 419 1720 ditur
437 1657 637 1739 sepulturae.
684 1656 815 1722 Eodem
834 1676 925 1720 anno
942 1655 965 1719 J
968 1655 1135 1731 ohannes,
1152 1674 1274 1719 mona·

325 1754 410 1820 chus
427 1754 616 1836 Sagiensis,
631 1756 743 1821 factus
758 1764 812 1820 est
826 1748 1018 1820 ²secundn‘s
1033 1756 1179 1819 antistes
1194 1755 1274 1819 Mo-

325 1854 392 1918 niae
408 1854 544 1932 insulae,
560 1875 638 1937 quae
651 1862 704 1921 est
719 1854 987 1936 interAngliam
1003 1861 1039 1918 et
1053 1854 1274 1933 Hiberniam,

325 1955 551 2037 propinquior
574 1962 689 2018 tamen
715 1953 876 2036 Anghae3
910 1954 1000 2017 unde
1028 1960 1064 2019 et
1090 1954 1275 2036 episcopus

324 2054 383 2117 ille
399 2053 657 2136 archiepiscopo
674 2055 832 2138 subjacet
851 2054 1074 2118 Eboracensi.
1135 2052 1275 2119 Primus

325 2160 442 2223 autem
462 2152 510 2216 ibi
527 2154 641 2218 fuerat
656 2154 837 2236 episcopus
848 2152 1069 2230 Wimundns,
1084 2154 1275 2218 monachus

326 2252 550 2330 Saviniensis,
568 2252 629 2316 sed
644 2260 785 2335 propter
800 2253 876 2336 ejus
890 2253 1187 2333 importunitatem
1204 2255 1273 2334 pri-

327 2359 429 2416 vatus
447 2352 514 2418 luit
533 2352 642 2416 oculis
662 2359 698 2416 et
713 2351 891 2434 expulsus.
943 2350 1176 2416 Eodemanno
1189 2354 1276 2418 obiit

325 2450 537 2526 Willelmus,
550 2452 733 2534 episcopus
750 2451 1005 2515 Dunelmensis.
1037 2451 1168 2516 Eodem
1182 2471 1275 2517 anno

327 2544 536 2618 Gaulridus³
554 2548 732 2615 Arthurus
753 2551 867 2615 factus
888 2556 942 2613 est
961 2549 1144 2632 episcopus
1161 2554 1276 2616 sancti

325 2646 448 2730 Asaph
467 2649 504 2711 in
523 2648 728 2727 Norwallia,
750 2650 810 2731 qui
829 2649 1008 2713 historiam
1031 2651 1214 2717 Britonum
1231 2651 1276 2716 de

325 2747 446 2828 lingua
470 2748 674 2813 Britannica
696 2749 875 2814 transtulit
894 2749 931 2812 in
952 2748 1124 2814 Latinam.
1175 2743 1276 2828 ⁴Quo

325 2848 429 2912 etiam
453 2867 544 2912 anno
560 2847 597 2911 in
614 2849 768 2930 capitulo
783 2848 1006 2914 cisterciensi
1022 2855 1193 2914 statutum
1209 2857 1276 2929 est,

326 2967 370 3011 ne
392 2946 436 3010 de
459 2954 585 3013 caetero
611 2948 719 3030 aliqui
750 2967 877 3012 novam
903 2954 1143 3013 construerent
1170 2951 1279 3014 abba·

326 3047 424 3123 tiam,
454 3047 537 3128 quia
568 3066 732 3111 numerus
764 3048 981 3113 abbatiarum
1011 3047 1106 3113 illius
1144 3049 1278 3114 ordinis

326 3146 492 3228 usquead
506 3147 715 3228 quingentas
728 3138 895 3212 excrevit.
926 3146 950 3211 J
952 3142 1278 3232 ohannes⁵Papiro,

327 3246 525 3322 cardinalis,
542 3245 715 3327 legatione
729 3246 877 3328 fungens
890 3247 927 3311 in
942 3246 1114 3312 Hibernia
1127 3257 1279 3329 quatuor
1351 3303 1353 3308 .

326 3345 373 3408 ibi
401 3345 581 3410 constituit
600 3345 899 3428 archiepiscopos3
927 3347 999 3428 qui,
1019 3346 1100 3410 dum
1119 3366 1183 3430 per
1200 3347 1279 3414 An.

363 3575 516 3644 ¹Matildis.]
534 3581 584 3631 She
601 3581 671 3643 died,
687 3581 791 3631 accord·
850 3578 1004 3642 ³Gcap⁴ridus
1020 3581 1175 3646 Artium]
1201 3583 1282 3634 sleci-

326 3650 371 3713 ing
387 3654 412 3698 to
424 3649 547 3707 Gervase,
563 3667 596 3701 on
612 3651 654 3700 the
671 3651 715 3700 eth
727 3652 791 3713 May
815 3652 871 3713 frey
880 3652 909 3701 of
918 3652 1076 3713 Monmonth‚
1086 3651 1128 3701 the
1139 3652 1279 3716 historiam

329 3724 406 3779 1152;
435 3721 484 3769 col.
506 3724 580 3771 13⁷2.
633 3721 793 3784 Hagustaldt
815 3723 856 3770 the
872 3723 931 3770 time
950 3720 979 3770 ol
994 3721 1035 3771 his
1052 3721 1129 3770 death
1147 3723 1171 3773 is
1189 3738 1280 3774 uncer-

327 3790 413 3851 places
424 3789 594 3839 herdeathin
608 3789 650 3840 the
667 3805 730 3853 year
745 3791 791 3840 fol·
814 3793 874 3840 tain.
1038 3788 1040 3793 ’

326 3860 429 3921 bring.
849 3858 923 3915 ⁴Qso
944 3859 1019 3909 etiam
1034 3861 1125 3924 nam]
1153 3861 1280 3925 Compare

368 3926 510 3978 'Secundae
531 3925 667 3998 antistes]
697 3928 790 3979 Chron.
815 3930 1082 3981 Rec.desHist.xiii.
1092 3935 1226 3995 295,sote.

328 3999 450 4048 Norman.
472 4015 499 4059 p.
519 4003 577 4049 986.
616 3999 659 4048 He
676 4013 731 4048 was
749 3998 791 4048 the
857 3997 990 4063 ‘Papiro.]
1015 3998 1214 4064 Paparonus,or
1227 4003 1280 4051 Pa·

327 4068 421 4118 second
431 4069 521 4130 bishop
533 4069 598 4118 afmr
614 4069 656 4118 the
673 4069 795 4119 uniones
814 4070 906 4132 pyrio;
935 4084 977 4119 see
998 4071 1075 4133 Pagi,
1094 4070 1128 4119 ad
1145 4086 1188 4121 an.
1206 4075 1281 4133 1151,

327 4137 370 4184 the
382 4151 425 4186 see
436 4139 499 4187 with
510 4139 597 4188 Sudor.
815 4140 884 4201 §vii
