2820 4882
428 414 568 462 necans
593 415 862 465 ursronrnnuu.
1058 403 1123 471 117

167 569 265 634 lusus
293 575 403 653 genas
428 572 627 657 lachrymis,
653 575 698 638 ad
725 574 830 656 pedes
859 576 934 659 ejus
958 577 1118 658 singulti·
1135 595 1257 636 annue

166 689 224 732 ens
241 671 363 748 cecidi,
381 680 416 736 ct
435 673 558 756 adjeci,
577 675 760 752 ‘Domine
778 674 940 752 Domine,
956 677 1117 743 miserere
1132 645 1280 739 illem.

164 772 302 849 nostri;
332 771 494 850 Domine,
519 794 649 838 memor
680 781 755 838 esto
786 776 906 857 populi
928 777 1005 855 tui3
1041 776 1115 842 Do-

162 869 264 947 mine,
289 870 420 956 adjuva
445 873 533 938 nos’
587 874 634 938 Et
661 873 833 938 Dominus
856 875 900 938 ad
929 895 994 952 me,
1016 876 1113 961 ‘Ego

160 969 341 1052 bucusque
358 992 421 1036 vos
438 974 529 1056 juvi,
547 993 627 1037 nam
645 982 681 1037 et
701 974 858 1038 Nicaeam
875 994 938 1039 vos
958 976 1112 1043 obtinere

160 1071 303 1151 permisi
325 1078 360 1134 et
385 1073 421 1135 in
448 1074 566 1137 multis
585 1093 646 1138 vos
667 1074 796 1156 praeliis
814 1077 966 1151 contexi,
990 1096 1111 1158 meque

160 1168 245 1233 duce
265 1172 398 1235 vicistis
418 1179 453 1237 et
470 1171 665 1238 Antiochiae
682 1174 927 1256 praevaluistis
947 1177 1032 1239 etin
1049 1179 1109 1240 ob-

159 1270 292 1334 sidione
306 1272 385 1352 ipsa
404 1273 516 1336 multa
534 1294 597 1356 pro
615 1282 698 1338 voto
712 1282 829 1340 vestro
846 1275 945 1339 vobis
959 1275 1107 1356 indulsi;

158 1389 291 1453 vosque
318 1372 492 1436 beneficiis
526 1375 611 1436 meis
645 1375 774 1455 ingrati
799 1381 920 1439 contra
942 1395 996 1438 me
1015 1377 1108 1440 intu-

157 1470 308 1548 muistis,
341 1479 376 1534 et
406 1478 572 1555 tanquam
598 1494 644 1537 ex
671 1474 772 1557 adipe
798 1476 965 1556 iniquitas
990 1483 1107 1541 vestra

158 1571 299 1651 prodiit,
327 1591 449 1653 meque
473 1593 558 1655 gens
581 1574 750 1657 injuriosa
772 1575 948 1655 gentiliter
968 1594 1108 1639 exacer-

92 1727 93 1730 ,
158 1670 280 1748 bostis,
299 1671 381 1734 dum
399 1692 477 1735 cum
492 1673 694 1737 mulieribus
704 1675 759 1739 vel
776 1675 897 1738 alienis
911 1675 967 1739 vel
981 1684 1106 1740 vestrae

159 1770 397 1851 professionis,
428 1773 488 1835 sed
519 1773 663 1852 illicitis,
686 1775 844 1839 somicati
871 1776 965 1840 estis.
1033 1774 1107 1840 Iste

157 1870 297 1951 quidem
314 1872 500 1953 singularis
517 1873 622 1937 foetor
638 1875 742 1938 caelos
759 1875 914 1938 ascendit
931 1882 966 1939 et
988 1876 1107 1939 oculos

158 1990 251 2034 meos
266 1991 288 2034 a
302 1972 401 2035 vobis
413 1974 560 2052 avertit3
579 1975 766 2038 retribuam
783 1975 889 2056 igitur
903 1995 967 2055 ego
980 1984 1106 2038 vestrae

158 2071 413 2153 ingratitudini,
429 2092 492 2136 nec
506 2092 646 2154 parcam
662 2076 858 2156 prostitutae
875 2084 911 2136 et
924 2074 1107 2155 lupananti

158 2171 394 2236 multitudini.'
426 2172 524 2237 Tunc
536 2183 647 2237 mater
660 2174 901 2237 misericordior
912 2172 1107 2254 Petrusque

157 2271 280 2335 beatus
295 2271 340 2334 ad
359 2271 463 2354 pedes
479 2272 708 2337 misericordis
724 2271 920 2337 ceciderunt
934 2272 1107 2356 Redemp-

159 2372 256 2447 toriS,
284 2379 318 2434 et
346 2373 418 2434 suis
446 2373 757 2455 supplicationibus
783 2375 870 2436 iram
900 2373 1108 2455 mitigabant

160 2471 375 2550 minitantis3
394 2472 576 2547 ‘Domine
594 2479 647 2536 tot
663 2474 763 2536 annis
783 2492 868 2554 gens
887 2492 1028 2555 pagana
1046 2473 1108 2538 do·

161 2589 253 2633 mum
273 2572 389 2648 istam,
406 2591 484 2653 quae
506 2571 629 2636 domus
649 2579 724 2637 erat
745 2573 923 2648 orationis,
946 2574 1107 2651 obtinuit,

161 2671 303 2752 suisque
322 2672 495 2753 spurcitiis
513 2691 600 2749 eam,
617 2672 835 2754 prohdolor!
859 2673 1057 2749 maculavit,
1072 2681 1108 2737 et

159 2789 248 2847 ecce,
266 2790 455 2853 paucorum
472 2771 692 2853 exigentibus
710 2773 833 2855 culpis,
850 2774 942 2836 omni
961 2772 1107 2836 Christi-

160 2871 284 2934 anitati
303 2878 386 2948 tuae,
410 2891 487 2954 quae
509 2872 647 2936 domum
667 2873 770 2936 istam
791 2873 916 2935 exinde
938 2872 1107 2953 sangnine

160 2990 223 3035 suo
254 2971 427 3048 liberavit,
462 2973 537 3056 jam
571 2972 745 3036 deleturus
777 2973 962 3050 irasceris3
991 2991 1106 3054 parce,

161 3070 323 3148 Domine,
356 3091 460 3153 parce
496 3073 626 3154 populo
661 3079 734 3148 tuo,
767 3078 802 3135 et
833 3091 876 3134 ne
905 3070 966 3135 des
997 3071 1106 3136 baere-

161 3171 304 3235 ditatem
330 3178 427 3234 tuam
448 3173 486 3235 in
505 3171 743 3253 perditionem,
760 3178 799 3234 ut
822 3171 1040 3234 dominentur
1055 3173 1105 3235 eis

161 3270 342 3335 nationes?
392 3269 583 3353 Adquievit
612 3272 719 3352 igitur
744 3277 885 3334 sanctus
909 3279 1107 3333 sanctorum

161 3369 257 3434 Deus
288 3371 517 3452 supplicantis
549 3370 668 3433 matris
696 3377 731 3434 et
758 3370 907 3453 apostoli
937 3370 1107 3451 precibus,

158 3469 300 3553 jamque
318 3471 418 3535 vultu
433 3470 547 3534 factus
558 3469 755 3553 jocundior,
767 3470 857 3534 dixit
875 3469 969 3545 mihi,
986 3468 1107 3533 ‘Vade

162 3575 195 3632 et
217 3570 273 3633 dic
302 3571 430 3653 populo
457 3589 544 3646 mco,
571 3569 736 3652 Lupanar
761 3579 796 3633 et
817 3569 1046 3652 prostibulum
1073 3577 1121 3656 et!

162 3689 296 3733 omnem
315 3689 337 3733 a
350 3671 449 3734 vobis
467 3679 641 3734 removete
659 3670 818 3746 abusum,
836 3677 871 3733 et
883 3677 1000 3733 vestra
1018 3668 1107 3732 fietis

162 3769 225 3833 bus
255 3769 385 3833 abluite
413 3768 580 3847 facinora,
607 3775 642 3832 et
674 3769 718 3832 ad
747 3789 800 3832 me
826 3769 1049 3845 revertimini,
1073 3776 1109 3832 et

159 3889 227 3951 ego
247 3878 402 3933 revertar
426 3869 470 3933 ad
495 3889 570 3947 vos
602 3877 637 3933 et
662 3869 752 3932 infra
775 3869 926 3951 quinque
951 3868 1025 3931 dies
1046 3889 1107 3950 op-

162 3976 349 4050 portunum
371 3969 471 4032 vobis
495 3968 683 4051 providebo
705 3970 885 4046 auxilium,
908 3969 991 4050 quia
1012 3969 1108 4031 Deus

163 4067 246 4131 nibil
264 4069 396 4133 babens
413 4068 704 4134 immisericordiae
721 4090 786 4152 ego
802 4089 898 4148 sum;
926 4069 1110 4133 decantent

163 4168 314 4249 quotidie
338 4169 488 4263 interim,
512 4169 724 4251 Congregati
746 4176 827 4233 sunt
848 4167 976 4232 inimici
999 4169 1109 4233 nostri
