2820 4882
309 405 374 480 268
560 422 696 469 nocem
721 423 768 469 mr
791 421 997 470 wunnoveu

149 600 271 639 annm.
291 604 293 612 ·
310 600 387 645 nem
420 581 607 644 innumeris
631 580 824 643 actualibus
848 598 967 642 sumus
990 580 1157 661 implicati
1180 583 1263 662 pec-j

146 650 298 749 lilim?
310 682 411 758 catis,
439 701 506 745 non
533 681 598 744 nisi
625 700 687 762 per
712 680 954 762 purgationem
980 686 1200 762 peccatorum
1227 687 1264 744 et

148 750 255 795 mm
282 783 284 788 '
310 779 530 844 afflictionem
555 799 736 862 poenarum
764 779 831 843 huc
858 780 1035 861 potuimus
1059 781 1262 862 pervenire,

310 874 528 963 poenitentia¹
551 880 655 956 enim,
679 898 783 963 quam
808 886 889 942 ante
912 887 1058 944 mortem
1077 880 1133 948 vel
1157 880 1262 942 mori-

310 987 407 1046 entes
434 979 660 1062 suscepimus,
689 987 724 1042 et
746 978 781 1041 in
811 979 928 1043 seculo
957 999 1027 1043 nou
1051 981 1262 1061 peregimus,

310 1081 345 1143 in
362 1081 448 1144 locis
467 1099 545 1162 quac
567 1079 685 1143 vidisti
707 1079 915 1161 poenalibus,
934 1078 1041 1163 juxta
1063 1080 1202 1143 modum
1226 1087 1262 1144 et

310 1181 539 1262 quantitatem
564 1179 755 1260 culparum,
784 1199 845 1260 per
868 1186 1040 1243 tormenta
1067 1186 1177 1248 restat
1208 1179 1262 1242 lu-

311 1279 420 1344 endas
450 1298 568 1343 omnes
590 1279 693 1356 enim,
716 1280 776 1361 qui
801 1279 855 1342 hic
878 1299 1009 1357 sumus,
1029 1280 1065 1342 in
1082 1279 1168 1343 locis
1191 1279 1262 1343 illis

311 1380 507 1462 poenalibus
528 1379 655 1443 fuimus
683 1399 746 1461 pro
769 1379 934 1461 peceatiS,
956 1387 992 1444 et
1015 1399 1146 1457 omneS,
1173 1399 1262 1461 quos

311 1480 347 1547 in
370 1480 482 1561 poenis
500 1479 630 1556 vidisti,
654 1486 874 1560 praetereas,
899 1480 958 1562 qui
981 1478 1072 1543 infra
1097 1498 1137 1543 os
1162 1481 1261 1562 putei

310 1578 487 1643 infernalis
503 1579 670 1655 existunt,
693 1578 737 1643 ad
760 1579 849 1641 hanc
871 1580 1024 1660 requiem
1046 1580 1262 1660 pervenient,

312 1685 346 1742 et
364 1679 502 1741 tandem
518 1679 607 1742 salvi
624 1678 729 1760 fient;
753 1680 846 1742 omni
863 1698 1012 1762 namque
1028 1679 1083 1742 die
1100 1678 1181 1743 inde
1196 1664 1280 1743 ali(

311 1779 372 1860 qui
389 1780 529 1861 purgati
548 1778 591 1841 ad
612 1798 674 1842 nos
686 1779 843 1857 veniunt,
860 1772 966 1860 ²quos
984 1779 1026 1861 in
1038 1779 1128 1845 hanc
1144 1781 1261 1862 requi*

311 1899 379 1956 em,
403 1879 494 1943 sicut
513 1885 548 1942 et
566 1886 600 1943 te
621 1878 777 1956 fecimus,
800 1878 1050 1943 introducimus
1070 1880 1262 1957 venientes,

313 1999 375 2042 nec
404 1986 560 2043 nostrum
588 1978 727 2060 aliquis
744 1979 843 2043 novit
877 1979 1040 2060 quamdiu
1071 1979 1127 2043 hic
1156 1979 1261 2044 fuerit

313 2086 521 2143 moraturus,
574 2077 643 2141 Per
669 2079 792 2142 missas
810 2099 904 2157 vero,
927 2079 1092 2161 psalmos,
1112 2081 1261 2143 eleemo÷

313 2197 417 2261 synas
431 2187 438 2199 ”
453 2187 488 2242 et
526 2178 701 2242 orationes
732 2179 887 2242 ecclesiae
921 2179 1092 2261 generalis
1125 2188 1161 2245 et
1199 2200 1262 2262 per

313 2278 478 2360 specialia
510 2279 696 2342 amicorum
727 2278 870 2356 auxilia,
901 2287 963 2343 aut
999 2280 1261 2361 purgandorum

314 2385 485 2443 tormenta
511 2372 717 2460 mitigantur
744 2385 806 2442 aut
828 2378 870 2441 de
897 2379 982 2461 ipsis
1010 2380 1189 2462 suppliciis
1216 2380 1261 2444 ad

312 2479 444 2543 minora
469 2478 737 2555 transferuntur,
765 2479 873 2543 donec
899 2479 1036 2560 penitus
1058 2479 1260 2545 liberentur.

312 2578 414 2655 Ecce,
438 2585 477 2641 ut
499 2577 686 2655 vides‚·hic
709 2579 745 2641 in
770 2598 898 2660 magna
918 2579 1033 2660 quiete
1051 2598 1184 2659 sumus,
1199 2580 1261 2644 sed

311 2677 462 2741 nondum
485 2685 601 2741 tamen
631 2678 675 2740 ad
704 2697 887 2760 supernam
914 2679 990 2742 caeli
1018 2679 1177 2743 laetitiam
1205 2700 1263 2744 as·

312 2777 456 2840 cendere
499 2797 618 2840 sumus
655 2778 771 2859 digni3
815 2779 1037 2842 transibimus
1071 2780 1150 2843 hinc
1179 2789 1260 2862 post

311 2877 460 2958 spatium
486 2865 511 2940 a*
533 2877 609 2941 Deo
634 2878 780 2959 singulis
809 2879 1034 2956 constitutum
1058 2879 1094 2942 in
1120 2881 1261 2963 paradi·

311 2997 387 3040 sum
402 2977 586 3055 caelestem,
604 2978 693 3041 sicut
711 2977 808 3041 Deus
824 2978 1014 3060 providerit
1030 2980 1238 3045 transitum?

373 3162 461 3243 Quod
484 3163 570 3227 miles
592 3162 701 3227 calesti
726 3163 839 3227 cisione
861 3165 903 3226 cit
924 3171 1076 3226 recreatos
1092 3171 1120 3226 et
1142 3161 1207 3226 cido

629 3263 794 3346 miritdalc'
816 3264 955 3347 resectos.

373 3387 508 3451 Deinde
530 3386 697 3470 praesules
720 3387 906 3451 venerandi
929 3385 1071 3448 militem
1097 3385 1136 3447 in.
1161 3403 1262 3449 mon·

312 3494 381 3550 tem
413 3487 578 3552 declivem
612 3487 775 3551 ducentes
807 3488 989 3570 jusserunt
1018 3491 1057 3548 ut
1089 3484 1263 3568 aspiceret

312 3606 461 3664 sursum,
491 3607 661 3669 quocum
692 3588 873 3668 aspiceret,
901 3585 1174 3667 interrogabant,
1202 3604 1263 3649 cu·

306 3687 461 3769 jusmodi
484 3687 608 3751 coloris
631 3687 754 3750 caelum
769 3694 862 3751 esset
877 3692 1036 3768 respectu
1055 3685 1123 3748 loci
1139 3685 1176 3747 in
1193 3703 1263 3768 que

312 3789 423 3866 stetit3
447 3788 506 3870 qui
518 3786 708 3868 respondit,
719 3787 826 3851 colori
844 3786 956 3849 simile
969 3804 1044 3849 esse
1056 3785 1132 3848 auri
1147 3785 1184 3847 in
1195 3784 1267 3848 for·

312 3907 397 3950 nace
412 3887 576 3951 ardentis.
601 3886 723 3964 ‘Hoc,'
739 3887 912 3969 inquiunt,
922 3892 931 3920 ‘
943 3885 1037 3967 quod
1052 3903 1142 3948 nunc
1152 3884 1265 3961 vides,

350 4087 533 4139 ¹Poenitentio.
546 4127 551 4140 .
563 4094 653 4140 ⁸restet
665 4090 772 4152 luenda]
833 4084 942 4156 wana]
961 4089 992 4137 In
1004 4088 1060 4138 MS.
1073 4089 1117 4137 ‘et
1127 4088 1192 4151 nos,'
1208 4104 1267 4150 pro-

311 4160 319 4240 f
329 4161 509 4277 Pffiitentiam
518 4196 524 4210 .
532 4197 537 4209 .
546 4165 653 4210 .rcstaut
664 4156 773 4222 luenda,'
799 4161 874 4222 bably
886 4159 926 4208 lor
936 4161 977 4208 ‘et
986 4154 1050 4209 hos.'

312 4244 338 4277 m
402 4265 408 4280 .
