<?xml version="1.0" encoding="UTF-8"?>
<!DOCTYPE html PUBLIC "-//W3C//DTD XHTML 1.0 Transitional//EN"
    "http://www.w3.org/TR/xhtml1/DTD/xhtml1-transitional.dtd">
<html xmlns="http://www.w3.org/1999/xhtml" xml:lang="en" lang="en">
 <head>
  <title>
</title>
<meta http-equiv="Content-Type" content="text/html;charset=utf-8" />
  <meta name='ocr-system' content='tesseract 3.04.00' />
  <meta name='ocr-capabilities' content='ocr_page ocr_carea ocr_par ocr_line ocrx_word'/>
</head>
<body>
  <div class='ocr_page' id='page_1' title='image "./rogeridewendove01rogegoog_0278.png"; bbox 0 0 2820 4882; ppageno 0'>
   <div class='ocr_carea' id='block_1_1' title="bbox 389 427 1082 491">
    <p class='ocr_par' dir='ltr' id='par_1_1' title="bbox 389 427 1082 491">
     <span class='ocr_line' id='line_1_1' title="bbox 389 427 1082 491; baseline 0.007 -5"><span class='ocrx_word' id='word_1_1' title='bbox 389 439 529 487; x_wconf 79' lang='lat' dir='ltr'><strong>rnonns</strong></span> <span class='ocrx_word' id='word_1_2' title='bbox 553 438 825 489; x_wconf 78' lang='lat' dir='ltr'><strong>nrsronrneun.</strong></span> <span class='ocrx_word' id='word_1_3' title='bbox 1016 427 1082 491; x_wconf 80' lang='lat'><strong>267</strong></span> 
     </span>
    </p>
   </div>
   <div class='ocr_carea' id='block_1_2' title="bbox 130 598 1086 2778">
    <p class='ocr_par' dir='ltr' id='par_1_2' title="bbox 130 598 1086 2778">
     <span class='ocr_line' id='line_1_2' title="bbox 132 598 1082 681; baseline 0.003 -20"><span class='ocrx_word' id='word_1_4' title='bbox 132 599 209 662; x_wconf 90' lang='lat' dir='ltr'><strong>Illis</strong></span> <span class='ocrx_word' id='word_1_5' title='bbox 232 598 341 680; x_wconf 87' lang='lat' dir='ltr'><strong>igitur</strong></span> <span class='ocrx_word' id='word_1_6' title='bbox 363 599 509 663; x_wconf 88' lang='lat' dir='ltr'><strong>militem</strong></span> <span class='ocrx_word' id='word_1_7' title='bbox 533 618 596 681; x_wconf 90' lang='lat' dir='ltr'><strong>per</strong></span> <span class='ocrx_word' id='word_1_8' title='bbox 620 599 769 680; x_wconf 89' lang='lat' dir='ltr'><strong>patriam</strong></span> <span class='ocrx_word' id='word_1_9' title='bbox 797 600 1082 679; x_wconf 87' lang='lat' dir='ltr'><strong>conducentibus,</strong></span> 
     </span>
     <span class='ocr_line' id='line_1_3' title="bbox 130 698 1081 781; baseline 0.004 -21"><span class='ocrx_word' id='word_1_10' title='bbox 130 699 337 762; x_wconf 87' lang='lat' dir='ltr'><strong>invenerunt</strong></span> <span class='ocrx_word' id='word_1_11' title='bbox 364 707 400 763; x_wconf 87' lang='lat' dir='ltr'><strong>et</strong></span> <span class='ocrx_word' id='word_1_12' title='bbox 428 699 481 761; x_wconf 93' lang='lat' dir='ltr'><strong>illi</strong></span> <span class='ocrx_word' id='word_1_13' title='bbox 507 698 734 763; x_wconf 86' lang='lat' dir='ltr'><strong>ostenderunt</strong></span> <span class='ocrx_word' id='word_1_14' title='bbox 760 707 864 781; x_wconf 89' lang='lat' dir='ltr'><strong>prata</strong></span> <span class='ocrx_word' id='word_1_15' title='bbox 886 701 1081 764; x_wconf 86' lang='lat' dir='ltr'><strong>amoenissi-</strong></span> 
     </span>
     <span class='ocr_line' id='line_1_4' title="bbox 133 798 1082 882; baseline 0.004 -23"><span class='ocrx_word' id='word_1_16' title='bbox 133 818 188 861; x_wconf 85' lang='lat' dir='ltr'><strong>ma</strong></span> <span class='ocrx_word' id='word_1_17' title='bbox 220 798 367 863; x_wconf 82' lang='lat' dir='ltr'><strong>diversis</strong></span> <span class='ocrx_word' id='word_1_18' title='bbox 393 799 536 862; x_wconf 88' lang='lat' dir='ltr'><strong>floribus</strong></span> <span class='ocrx_word' id='word_1_19' title='bbox 567 798 807 882; x_wconf 82' lang='lat' dir='ltr'><strong>fructibusque</strong></span> <span class='ocrx_word' id='word_1_20' title='bbox 837 807 871 864; x_wconf 89' lang='lat' dir='ltr'><strong>et</strong></span> <span class='ocrx_word' id='word_1_21' title='bbox 900 799 1082 864; x_wconf 84' lang='lat' dir='ltr'><strong>herbarum</strong></span> 
     </span>
     <span class='ocr_line' id='line_1_5' title="bbox 133 898 1083 981; baseline 0.003 -21"><span class='ocrx_word' id='word_1_22' title='bbox 133 899 364 981; x_wconf 85' lang='lat' dir='ltr'><strong>arborumque</strong></span> <span class='ocrx_word' id='word_1_23' title='bbox 385 898 647 963; x_wconf 86' lang='lat' dir='ltr'><strong>multiformium</strong></span> <span class='ocrx_word' id='word_1_24' title='bbox 668 899 842 976; x_wconf 89' lang='lat' dir='ltr'><strong>decorata,</strong></span> <span class='ocrx_word' id='word_1_25' title='bbox 867 920 912 964; x_wconf 85' lang='lat' dir='ltr'><strong>ex</strong></span> <span class='ocrx_word' id='word_1_26' title='bbox 938 919 1083 981; x_wconf 91' lang='lat' dir='ltr'><strong>quorum</strong></span> 
     </span>
     <span class='ocr_line' id='line_1_6' title="bbox 133 998 1083 1077; baseline 0.006 -18"><span class='ocrx_word' id='word_1_27' title='bbox 133 999 318 1062; x_wconf 87' lang='lat' dir='ltr'><strong>suavitatis</strong></span> <span class='ocrx_word' id='word_1_28' title='bbox 338 999 443 1062; x_wconf 88' lang='lat' dir='ltr'><strong>odore</strong></span> <span class='ocrx_word' id='word_1_29' title='bbox 469 998 506 1061; x_wconf 91' lang='lat' dir='ltr'><strong>in</strong></span> <span class='ocrx_word' id='word_1_30' title='bbox 531 1006 711 1076; x_wconf 88' lang='lat' dir='ltr'><strong>aeternum,</strong></span> <span class='ocrx_word' id='word_1_31' title='bbox 733 1007 773 1063; x_wconf 92' lang='lat' dir='ltr'><strong>ut</strong></span> <span class='ocrx_word' id='word_1_32' title='bbox 795 999 861 1062; x_wconf 87' lang='lat' dir='ltr'><strong>sibi</strong></span> <span class='ocrx_word' id='word_1_33' title='bbox 883 1000 995 1064; x_wconf 91' lang='lat' dir='ltr'><strong>visum</strong></span> <span class='ocrx_word' id='word_1_34' title='bbox 1017 1008 1083 1077; x_wconf 91' lang='lat' dir='ltr'><strong>est,</strong></span> 
     </span>
     <span class='ocr_line' id='line_1_7' title="bbox 133 1098 1084 1182; baseline 0.003 -21"><span class='ocrx_word' id='word_1_35' title='bbox 133 1098 250 1161; x_wconf 88' lang='lat' dir='ltr'><strong>vivere</strong></span> <span class='ocrx_word' id='word_1_36' title='bbox 272 1099 464 1180; x_wconf 83' lang='lat' dir='ltr'><strong>potuisset3</strong></span> <span class='ocrx_word' id='word_1_37' title='bbox 496 1118 568 1162; x_wconf 84' lang='lat' dir='ltr'><strong>nox</strong></span> <span class='ocrx_word' id='word_1_38' title='bbox 595 1099 691 1161; x_wconf 87' lang='lat' dir='ltr'><strong>illam</strong></span> <span class='ocrx_word' id='word_1_39' title='bbox 721 1099 906 1182; x_wconf 87' lang='lat' dir='ltr'><strong>aliquando</strong></span> <span class='ocrx_word' id='word_1_40' title='bbox 932 1120 1001 1163; x_wconf 92' lang='lat' dir='ltr'><strong>non</strong></span> <span class='ocrx_word' id='word_1_41' title='bbox 1023 1102 1084 1164; x_wconf 92' lang='lat' dir='ltr'><strong>ob-</strong></span> 
     </span>
     <span class='ocr_line' id='line_1_8' title="bbox 134 1198 1085 1281; baseline 0.005 -22"><span class='ocrx_word' id='word_1_42' title='bbox 134 1198 281 1275; x_wconf 84' lang='lat' dir='ltr'><strong>nubilat,</strong></span> <span class='ocrx_word' id='word_1_43' title='bbox 303 1199 386 1280; x_wconf 92' lang='lat' dir='ltr'><strong>quia</strong></span> <span class='ocrx_word' id='word_1_44' title='bbox 407 1218 543 1281; x_wconf 88' lang='lat' dir='ltr'><strong>semper</strong></span> <span class='ocrx_word' id='word_1_45' title='bbox 562 1198 693 1262; x_wconf 90' lang='lat' dir='ltr'><strong>caelesti</strong></span> <span class='ocrx_word' id='word_1_46' title='bbox 708 1198 858 1280; x_wconf 89' lang='lat' dir='ltr'><strong>quadam</strong></span> <span class='ocrx_word' id='word_1_47' title='bbox 874 1199 1032 1263; x_wconf 85' lang='lat' dir='ltr'><strong>claritate</strong></span> <span class='ocrx_word' id='word_1_48' title='bbox 1049 1207 1085 1264; x_wconf 88' lang='lat' dir='ltr'><strong>et</strong></span> 
     </span>
     <span class='ocr_line' id='line_1_9' title="bbox 133 1297 1084 1380; baseline 0.003 -21"><span class='ocrx_word' id='word_1_49' title='bbox 133 1297 299 1361; x_wconf 86' lang='lat' dir='ltr'><strong>ineffabili</strong></span> <span class='ocrx_word' id='word_1_50' title='bbox 313 1297 496 1380; x_wconf 83' lang='lat' dir='ltr'>splendore</span> <span class='ocrx_word' id='word_1_51' title='bbox 511 1304 681 1362; x_wconf 83' lang='lat' dir='ltr'><strong>coruscat.</strong></span> <span class='ocrx_word' id='word_1_52' title='bbox 733 1297 884 1362; x_wconf 84' lang='lat' dir='ltr'><strong>Tantam</strong></span> <span class='ocrx_word' id='word_1_53' title='bbox 905 1299 953 1362; x_wconf 92' lang='lat' dir='ltr'><strong>ibi</strong></span> <span class='ocrx_word' id='word_1_54' title='bbox 975 1298 1084 1363; x_wconf 94' lang='lat' dir='ltr'><strong>homi·</strong></span> 
     </span>
     <span class='ocr_line' id='line_1_10' title="bbox 135 1398 1083 1480; baseline 0.003 -22"><span class='ocrx_word' id='word_1_55' title='bbox 135 1416 217 1459; x_wconf 93' lang='lat' dir='ltr'><strong>num</strong></span> <span class='ocrx_word' id='word_1_56' title='bbox 230 1399 399 1462; x_wconf 89' lang='lat' dir='ltr'><strong>bonorum</strong></span> <span class='ocrx_word' id='word_1_57' title='bbox 409 1399 588 1480; x_wconf 88' lang='lat' dir='ltr'><strong>utriusque</strong></span> <span class='ocrx_word' id='word_1_58' title='bbox 601 1416 707 1461; x_wconf 84' lang='lat' dir='ltr'><strong>sexus</strong></span> <span class='ocrx_word' id='word_1_59' title='bbox 719 1398 806 1462; x_wconf 88' lang='lat' dir='ltr'><strong>vidit</strong></span> <span class='ocrx_word' id='word_1_60' title='bbox 818 1398 1083 1476; x_wconf 85' lang='lat' dir='ltr'><strong>multitudinem,</strong></span> 
     </span>
     <span class='ocr_line' id='line_1_11' title="bbox 135 1497 1084 1577; baseline 0.003 -18"><span class='ocrx_word' id='word_1_61' title='bbox 135 1503 301 1577; x_wconf 88' lang='lat' dir='ltr'><strong>quantam</strong></span> <span class='ocrx_word' id='word_1_62' title='bbox 328 1498 502 1561; x_wconf 91' lang='lat' dir='ltr'><strong>residuum</strong></span> <span class='ocrx_word' id='word_1_63' title='bbox 526 1499 635 1561; x_wconf 89' lang='lat' dir='ltr'><strong>seculi</strong></span> <span class='ocrx_word' id='word_1_64' title='bbox 654 1497 799 1562; x_wconf 88' lang='lat' dir='ltr'><strong>credidit</strong></span> <span class='ocrx_word' id='word_1_65' title='bbox 820 1500 997 1563; x_wconf 87' lang='lat' dir='ltr'><strong>continere</strong></span> <span class='ocrx_word' id='word_1_66' title='bbox 1014 1520 1084 1564; x_wconf 91' lang='lat' dir='ltr'><strong>non</strong></span> 
     </span>
     <span class='ocr_line' id='line_1_12' title="bbox 134 1597 1084 1680; baseline 0.003 -20"><span class='ocrx_word' id='word_1_67' title='bbox 134 1616 257 1678; x_wconf 82' lang='lat' dir='ltr'><strong>posse3</strong></span> <span class='ocrx_word' id='word_1_68' title='bbox 273 1597 369 1662; x_wconf 90' lang='lat' dir='ltr'><strong>chori</strong></span> <span class='ocrx_word' id='word_1_69' title='bbox 383 1597 497 1661; x_wconf 89' lang='lat' dir='ltr'><strong>choris</strong></span> <span class='ocrx_word' id='word_1_70' title='bbox 512 1617 575 1680; x_wconf 89' lang='lat' dir='ltr'><strong>per</strong></span> <span class='ocrx_word' id='word_1_71' title='bbox 588 1598 667 1661; x_wconf 88' lang='lat' dir='ltr'><strong>loca</strong></span> <span class='ocrx_word' id='word_1_72' title='bbox 679 1598 899 1676; x_wconf 83' lang='lat' dir='ltr'><strong>adstiterunt,</strong></span> <span class='ocrx_word' id='word_1_73' title='bbox 915 1618 957 1662; x_wconf 87' lang='lat' dir='ltr'><strong>ac</strong></span> <span class='ocrx_word' id='word_1_74' title='bbox 973 1600 1084 1663; x_wconf 90' lang='lat' dir='ltr'><strong>dulcis</strong></span> 
     </span>
     <span class='ocr_line' id='line_1_13' title="bbox 134 1695 1083 1764; baseline 0.004 -4"><span class='ocrx_word' id='word_1_75' title='bbox 134 1696 323 1761; x_wconf 87' lang='lat' dir='ltr'><strong>harmoniae</strong></span> <span class='ocrx_word' id='word_1_76' title='bbox 338 1705 508 1762; x_wconf 88' lang='lat' dir='ltr'><strong>concentu</strong></span> <span class='ocrx_word' id='word_1_77' title='bbox 526 1695 726 1762; x_wconf 85' lang='lat' dir='ltr'><strong>Creatorem</strong></span> <span class='ocrx_word' id='word_1_78' title='bbox 746 1699 898 1761; x_wconf 90' lang='lat' dir='ltr'><strong>omnium</strong></span> <span class='ocrx_word' id='word_1_79' title='bbox 917 1700 1083 1764; x_wconf 87' lang='lat' dir='ltr'><strong>laudave-</strong></span> 
     </span>
     <span class='ocr_line' id='line_1_14' title="bbox 136 1797 1084 1880; baseline 0.005 -22"><span class='ocrx_word' id='word_1_80' title='bbox 136 1804 239 1876; x_wconf 82' lang='lat' dir='ltr'><strong>runt3</strong></span> <span class='ocrx_word' id='word_1_81' title='bbox 271 1797 331 1861; x_wconf 90' lang='lat' dir='ltr'><strong>alii</strong></span> <span class='ocrx_word' id='word_1_82' title='bbox 359 1799 459 1880; x_wconf 91' lang='lat' dir='ltr'><strong>quasi</strong></span> <span class='ocrx_word' id='word_1_83' title='bbox 486 1817 586 1878; x_wconf 89' lang='lat' dir='ltr'><strong>reges</strong></span> <span class='ocrx_word' id='word_1_84' title='bbox 617 1817 745 1861; x_wconf 88' lang='lat' dir='ltr'><strong>corona</strong></span> <span class='ocrx_word' id='word_1_85' title='bbox 774 1798 992 1877; x_wconf 88' lang='lat' dir='ltr'><strong>incedebant,</strong></span> <span class='ocrx_word' id='word_1_86' title='bbox 1024 1801 1084 1864; x_wconf 86' lang='lat' dir='ltr'><strong>alii</strong></span> 
     </span>
     <span class='ocr_line' id='line_1_15' title="bbox 135 1897 1085 1976; baseline 0.003 -16"><span class='ocrx_word' id='word_1_87' title='bbox 135 1897 265 1961; x_wconf 89' lang='lat' dir='ltr'><strong>amictu</strong></span> <span class='ocrx_word' id='word_1_88' title='bbox 293 1917 398 1961; x_wconf 89' lang='lat' dir='ltr'><strong>aureo</strong></span> <span class='ocrx_word' id='word_1_89' title='bbox 423 1898 535 1961; x_wconf 89' lang='lat' dir='ltr'><strong>induti</strong></span> <span class='ocrx_word' id='word_1_90' title='bbox 558 1897 775 1976; x_wconf 89' lang='lat' dir='ltr'><strong>videbantur,</strong></span> <span class='ocrx_word' id='word_1_91' title='bbox 797 1899 954 1962; x_wconf 88' lang='lat' dir='ltr'><strong>nonnulli</strong></span> <span class='ocrx_word' id='word_1_92' title='bbox 979 1899 1085 1963; x_wconf 89' lang='lat' dir='ltr'><strong>variis</strong></span> 
     </span>
     <span class='ocr_line' id='line_1_16' title="bbox 135 1997 1084 2081; baseline 0.003 -22"><span class='ocrx_word' id='word_1_93' title='bbox 135 1997 345 2062; x_wconf 90' lang='lat' dir='ltr'><strong>indumentis</strong></span> <span class='ocrx_word' id='word_1_94' title='bbox 363 2005 463 2062; x_wconf 88' lang='lat' dir='ltr'><strong>erant</strong></span> <span class='ocrx_word' id='word_1_95' title='bbox 480 1997 646 2075; x_wconf 90' lang='lat' dir='ltr'><strong>decorati,</strong></span> <span class='ocrx_word' id='word_1_96' title='bbox 659 1998 766 2081; x_wconf 87' lang='lat' dir='ltr'><strong>juxta</strong></span> <span class='ocrx_word' id='word_1_97' title='bbox 785 1997 878 2080; x_wconf 93' lang='lat' dir='ltr'><strong>quod</strong></span> <span class='ocrx_word' id='word_1_98' title='bbox 898 2000 1084 2081; x_wconf 90' lang='lat' dir='ltr'><strong>unusquis-</strong></span> 
     </span>
     <span class='ocr_line' id='line_1_17' title="bbox 136 2097 1085 2182; baseline 0.003 -23"><span class='ocrx_word' id='word_1_99' title='bbox 136 2116 204 2178; x_wconf 88' lang='lat' dir='ltr'><strong>que</strong></span> <span class='ocrx_word' id='word_1_100' title='bbox 225 2098 262 2160; x_wconf 92' lang='lat' dir='ltr'><strong>in</strong></span> <span class='ocrx_word' id='word_1_101' title='bbox 279 2098 396 2161; x_wconf 89' lang='lat' dir='ltr'><strong>seculo</strong></span> <span class='ocrx_word' id='word_1_102' title='bbox 412 2099 595 2174; x_wconf 82' lang='lat' dir='ltr'><strong>utebatur3</strong></span> <span class='ocrx_word' id='word_1_103' title='bbox 618 2097 745 2178; x_wconf 86' lang='lat' dir='ltr'><strong>singuli</strong></span> <span class='ocrx_word' id='word_1_104' title='bbox 761 2097 804 2160; x_wconf 94' lang='lat' dir='ltr'><strong>de</strong></span> <span class='ocrx_word' id='word_1_105' title='bbox 821 2099 962 2182; x_wconf 85' lang='lat' dir='ltr'><strong>propria</strong></span> <span class='ocrx_word' id='word_1_106' title='bbox 978 2097 1085 2162; x_wconf 82' lang='lat' dir='ltr'><strong>felici-</strong></span> 
     </span>
     <span class='ocr_line' id='line_1_18' title="bbox 136 2196 1086 2279; baseline 0.004 -20"><span class='ocrx_word' id='word_1_107' title='bbox 136 2203 209 2260; x_wconf 89' lang='lat' dir='ltr'><strong>tate</strong></span> <span class='ocrx_word' id='word_1_108' title='bbox 227 2198 438 2278; x_wconf 84' lang='lat' dir='ltr'><strong>gaudebant,</strong></span> <span class='ocrx_word' id='word_1_109' title='bbox 456 2197 585 2279; x_wconf 85' lang='lat' dir='ltr'><strong>singuli</strong></span> <span class='ocrx_word' id='word_1_110' title='bbox 600 2196 643 2260; x_wconf 91' lang='lat' dir='ltr'><strong>de</strong></span> <span class='ocrx_word' id='word_1_111' title='bbox 659 2197 807 2261; x_wconf 87' lang='lat' dir='ltr'><strong>aliorum</strong></span> <span class='ocrx_word' id='word_1_112' title='bbox 827 2198 1031 2261; x_wconf 87' lang='lat' dir='ltr'><strong>liberatione</strong></span> <span class='ocrx_word' id='word_1_113' title='bbox 1050 2207 1086 2263; x_wconf 90' lang='lat' dir='ltr'><strong>et</strong></span> 
     </span>
     <span class='ocr_line' id='line_1_19' title="bbox 136 2297 1085 2379; baseline 0.003 -20"><span class='ocrx_word' id='word_1_114' title='bbox 136 2297 265 2377; x_wconf 87' lang='lat' dir='ltr'><strong>gaudio</strong></span> <span class='ocrx_word' id='word_1_115' title='bbox 297 2297 522 2376; x_wconf 83' lang='lat' dir='ltr'><strong>exultabant3</strong></span> <span class='ocrx_word' id='word_1_116' title='bbox 555 2315 686 2373; x_wconf 90' lang='lat' dir='ltr'><strong>omnes,</strong></span> <span class='ocrx_word' id='word_1_117' title='bbox 714 2298 773 2379; x_wconf 91' lang='lat' dir='ltr'><strong>qui</strong></span> <span class='ocrx_word' id='word_1_118' title='bbox 801 2297 944 2361; x_wconf 89' lang='lat' dir='ltr'><strong>militem</strong></span> <span class='ocrx_word' id='word_1_119' title='bbox 971 2298 1085 2362; x_wconf 91' lang='lat' dir='ltr'><strong>intue-</strong></span> 
     </span>
     <span class='ocr_line' id='line_1_20' title="bbox 134 2397 1085 2487; baseline 0.004 -29"><span class='ocrx_word' id='word_1_120' title='bbox 134 2397 279 2487; x_wconf 70' lang='lat' dir='ltr'><strong>bantur,</strong></span> <span class='ocrx_word' id='word_1_121' title='bbox 296 2397 339 2460; x_wconf 94' lang='lat' dir='ltr'><strong>de</strong></span> <span class='ocrx_word' id='word_1_122' title='bbox 365 2397 440 2481; x_wconf 90' lang='lat' dir='ltr'><strong>ejus</strong></span> <span class='ocrx_word' id='word_1_123' title='bbox 468 2397 620 2460; x_wconf 87' lang='lat' dir='ltr'><strong>adventu</strong></span> <span class='ocrx_word' id='word_1_124' title='bbox 642 2397 890 2461; x_wconf 87' lang='lat' dir='ltr'><strong>benedicebant</strong></span> <span class='ocrx_word' id='word_1_125' title='bbox 912 2397 1026 2461; x_wconf 91' lang='lat' dir='ltr'><strong>Deum</strong></span> <span class='ocrx_word' id='word_1_126' title='bbox 1049 2405 1085 2462; x_wconf 89' lang='lat' dir='ltr'><strong>et</strong></span> 
     </span>
     <span class='ocr_line' id='line_1_21' title="bbox 136 2495 1084 2580; baseline 0.002 -22"><span class='ocrx_word' id='word_1_127' title='bbox 136 2495 178 2561; x_wconf 90' lang='lat' dir='ltr'><strong>de</strong></span> <span class='ocrx_word' id='word_1_128' title='bbox 201 2497 277 2580; x_wconf 90' lang='lat' dir='ltr'><strong>ejus</strong></span> <span class='ocrx_word' id='word_1_129' title='bbox 295 2497 471 2578; x_wconf 89' lang='lat' dir='ltr'><strong>ereptione</strong></span> <span class='ocrx_word' id='word_1_130' title='bbox 493 2516 515 2559; x_wconf 93' lang='lat' dir='ltr'><strong>a</strong></span> <span class='ocrx_word' id='word_1_131' title='bbox 536 2497 682 2560; x_wconf 87' lang='lat' dir='ltr'><strong>mortuis</strong></span> <span class='ocrx_word' id='word_1_132' title='bbox 704 2498 989 2579; x_wconf 83' lang='lat' dir='ltr'><strong>congaudebant3</strong></span> <span class='ocrx_word' id='word_1_133' title='bbox 1015 2518 1084 2562; x_wconf 92' lang='lat' dir='ltr'><strong>non</strong></span> 
     </span>
     <span class='ocr_line' id='line_1_22' title="bbox 135 2596 1083 2680; baseline 0.003 -21"><span class='ocrx_word' id='word_1_134' title='bbox 135 2603 271 2674; x_wconf 87' lang='lat' dir='ltr'><strong>aestum,</strong></span> <span class='ocrx_word' id='word_1_135' title='bbox 288 2616 358 2660; x_wconf 92' lang='lat' dir='ltr'><strong>non</strong></span> <span class='ocrx_word' id='word_1_136' title='bbox 372 2596 482 2678; x_wconf 87' lang='lat' dir='ltr'><strong>frigus</strong></span> <span class='ocrx_word' id='word_1_137' title='bbox 498 2596 546 2659; x_wconf 92' lang='lat' dir='ltr'><strong>ibi</strong></span> <span class='ocrx_word' id='word_1_138' title='bbox 560 2596 685 2678; x_wconf 90' lang='lat' dir='ltr'><strong>aliquis</strong></span> <span class='ocrx_word' id='word_1_139' title='bbox 702 2597 883 2674; x_wconf 85' lang='lat' dir='ltr'><strong>sentiebat,</strong></span> <span class='ocrx_word' id='word_1_140' title='bbox 904 2617 967 2662; x_wconf 89' lang='lat' dir='ltr'><strong>nec</strong></span> <span class='ocrx_word' id='word_1_141' title='bbox 987 2599 1083 2680; x_wconf 89' lang='lat' dir='ltr'><strong>quic-</strong></span> 
     </span>
     <span class='ocr_line' id='line_1_23' title="bbox 135 2696 1048 2778; baseline 0.003 -20"><span class='ocrx_word' id='word_1_142' title='bbox 135 2715 238 2778; x_wconf 88' lang='lat' dir='ltr'><strong>quam</strong></span> <span class='ocrx_word' id='word_1_143' title='bbox 256 2697 349 2778; x_wconf 92' lang='lat' dir='ltr'><strong>quod</strong></span> <span class='ocrx_word' id='word_1_144' title='bbox 363 2696 535 2760; x_wconf 88' lang='lat' dir='ltr'><strong>offendere</strong></span> <span class='ocrx_word' id='word_1_145' title='bbox 549 2703 668 2778; x_wconf 90' lang='lat' dir='ltr'><strong>posset</strong></span> <span class='ocrx_word' id='word_1_146' title='bbox 684 2697 740 2760; x_wconf 90' lang='lat' dir='ltr'><strong>vel</strong></span> <span class='ocrx_word' id='word_1_147' title='bbox 757 2717 881 2761; x_wconf 90' lang='lat' dir='ltr'><strong>nocere</strong></span> <span class='ocrx_word' id='word_1_148' title='bbox 896 2698 1048 2761; x_wconf 84' lang='lat' dir='ltr'><strong>videbat.</strong></span> 
     </span>
    </p>
   </div>
   <div class='ocr_carea' id='block_1_3' title="bbox 139 2868 1086 3033">
    <p class='ocr_par' dir='ltr' id='par_1_3' title="bbox 139 2868 1086 3033">
     <span class='ocr_line' id='line_1_24' title="bbox 139 2868 1086 2956; baseline -0.001 -23"><span class='ocrx_word' id='word_1_149' title='bbox 139 2869 228 2948; x_wconf 78' lang='lat' dir='ltr'><strong>Quod</strong></span> <span class='ocrx_word' id='word_1_150' title='bbox 244 2869 331 2935; x_wconf 71' lang='lat' dir='ltr'><strong>mites</strong></span> <span class='ocrx_word' id='word_1_151' title='bbox 347 2870 382 2935; x_wconf 83' lang='lat' dir='ltr'><strong>r&#39;u</strong></span> <span class='ocrx_word' id='word_1_152' title='bbox 395 2869 587 2956; x_wconf 76' lang='lat' dir='ltr'><strong>paradisum</strong></span> <span class='ocrx_word' id='word_1_153' title='bbox 596 2869 770 2953; x_wconf 81' lang='lat' dir='ltr'><strong>productus</strong></span> <span class='ocrx_word' id='word_1_154' title='bbox 785 2878 953 2935; x_wconf 78' lang='lat' dir='ltr'><strong>terrestrem</strong></span> <span class='ocrx_word' id='word_1_155' title='bbox 964 2868 1086 2954; x_wconf 78' lang='lat' dir='ltr'><strong>paudiu</strong></span> 
     </span>
     <span class='ocr_line' id='line_1_25' title="bbox 439 2962 764 3033; baseline -0.003 0"><span class='ocrx_word' id='word_1_156' title='bbox 439 2962 443 2972; x_wconf 78' lang='grc'>’</span> <span class='ocrx_word' id='word_1_157' title='bbox 468 2969 583 3033; x_wconf 78' lang='lat' dir='ltr'><strong>uiderit</strong></span> <span class='ocrx_word' id='word_1_158' title='bbox 598 2966 764 3033; x_wconf 81' lang='lat' dir='ltr'><strong>deuterum.</strong></span> 
     </span>
    </p>
   </div>
   <div class='ocr_carea' id='block_1_4' title="bbox 136 3092 1086 4276">
    <p class='ocr_par' dir='ltr' id='par_1_4' title="bbox 136 3092 1086 4276">
     <span class='ocr_line' id='line_1_26' title="bbox 188 3092 1085 3175; baseline -0.003 -19"><span class='ocrx_word' id='word_1_159' title='bbox 188 3094 289 3157; x_wconf 89' lang='lat' dir='ltr'><strong>Tunc</strong></span> <span class='ocrx_word' id='word_1_160' title='bbox 311 3093 423 3156; x_wconf 84' lang='lat' dir='ltr'><strong>sancti</strong></span> <span class='ocrx_word' id='word_1_161' title='bbox 445 3092 640 3174; x_wconf 65' lang='lat' dir='ltr'><strong>pontifices</strong></span> <span class='ocrx_word' id='word_1_162' title='bbox 656 3093 716 3175; x_wconf 89' lang='lat' dir='ltr'><strong>qni</strong></span> <span class='ocrx_word' id='word_1_163' title='bbox 731 3092 831 3155; x_wconf 93' lang='lat' dir='ltr'><strong>militi</strong></span> <span class='ocrx_word' id='word_1_164' title='bbox 849 3092 995 3172; x_wconf 89' lang='lat' dir='ltr'><strong>patriam</strong></span> <span class='ocrx_word' id='word_1_165' title='bbox 1014 3097 1085 3154; x_wconf 89' lang='lat' dir='ltr'><strong>tam</strong></span> 
     </span>
     <span class='ocr_line' id='line_1_27' title="bbox 137 3188 1084 3276; baseline -0.003 -21"><span class='ocrx_word' id='word_1_166' title='bbox 137 3191 340 3276; x_wconf 88' lang='lat' dir='ltr'><strong>praeclaram</strong></span> <span class='ocrx_word' id='word_1_167' title='bbox 364 3192 600 3269; x_wconf 89' lang='lat' dir='ltr'><strong>ostenderant,</strong></span> <span class='ocrx_word' id='word_1_168' title='bbox 626 3192 789 3256; x_wconf 90' lang='lat' dir='ltr'><strong>dixerunt</strong></span> <span class='ocrx_word' id='word_1_169' title='bbox 817 3191 860 3267; x_wconf 90' lang='lat' dir='ltr'><strong>ei,</strong></span> <span class='ocrx_word' id='word_1_170' title='bbox 883 3188 1084 3267; x_wconf 83' lang='lat' dir='ltr'><strong>‘Quoniam</strong></span> 
     </span>
     <span class='ocr_line' id='line_1_28' title="bbox 137 3290 1084 3372; baseline -0.004 -16"><span class='ocrx_word' id='word_1_171' title='bbox 137 3293 372 3357; x_wconf 87' lang='lat' dir='ltr'><strong>misericordia</strong></span> <span class='ocrx_word' id='word_1_172' title='bbox 399 3291 465 3354; x_wconf 86' lang='lat' dir='ltr'><strong>Dei</strong></span> <span class='ocrx_word' id='word_1_173' title='bbox 493 3292 537 3354; x_wconf 91' lang='lat' dir='ltr'><strong>ad</strong></span> <span class='ocrx_word' id='word_1_174' title='bbox 561 3312 625 3356; x_wconf 92' lang='lat' dir='ltr'><strong>nos</strong></span> <span class='ocrx_word' id='word_1_175' title='bbox 651 3293 779 3356; x_wconf 87' lang='lat' dir='ltr'><strong>illaesus</strong></span> <span class='ocrx_word' id='word_1_176' title='bbox 803 3290 1004 3372; x_wconf 87' lang='lat' dir='ltr'><strong>pervenisti,</strong></span> <span class='ocrx_word' id='word_1_177' title='bbox 1028 3310 1084 3353; x_wconf 88' lang='lat' dir='ltr'><strong>ra-</strong></span> 
     </span>
     <span class='ocr_line' id='line_1_29' title="bbox 138 3389 1084 3472; baseline -0.004 -15"><span class='ocrx_word' id='word_1_178' title='bbox 138 3394 265 3457; x_wconf 88' lang='lat' dir='ltr'><strong>tionem</strong></span> <span class='ocrx_word' id='word_1_179' title='bbox 295 3413 318 3456; x_wconf 85' lang='lat' dir='ltr'><strong>a</strong></span> <span class='ocrx_word' id='word_1_180' title='bbox 348 3390 448 3455; x_wconf 92' lang='lat' dir='ltr'><strong>nobis</strong></span> <span class='ocrx_word' id='word_1_181' title='bbox 478 3392 598 3456; x_wconf 87' lang='lat' dir='ltr'><strong>audire</strong></span> <span class='ocrx_word' id='word_1_182' title='bbox 630 3392 733 3455; x_wconf 88' lang='lat' dir='ltr'><strong>debes</strong></span> <span class='ocrx_word' id='word_1_183' title='bbox 763 3390 806 3453; x_wconf 94' lang='lat' dir='ltr'><strong>de</strong></span> <span class='ocrx_word' id='word_1_184' title='bbox 834 3389 980 3471; x_wconf 87' lang='lat' dir='ltr'><strong>singulis</strong></span> <span class='ocrx_word' id='word_1_185' title='bbox 1006 3410 1084 3472; x_wconf 84' lang='lat' dir='ltr'><strong>quae</strong></span> 
     </span>
     <span class='ocr_line' id='line_1_30' title="bbox 136 3490 1085 3572; baseline -0.003 -15"><span class='ocrx_word' id='word_1_186' title='bbox 136 3493 267 3557; x_wconf 86' lang='lat' dir='ltr'><strong>vidisti.</strong></span> <span class='ocrx_word' id='word_1_187' title='bbox 300 3491 422 3556; x_wconf 90' lang='lat' dir='ltr'><strong>Patria</strong></span> <span class='ocrx_word' id='word_1_188' title='bbox 438 3491 513 3556; x_wconf 89' lang='lat' dir='ltr'><strong>haec</strong></span> <span class='ocrx_word' id='word_1_189' title='bbox 530 3491 701 3557; x_wconf 88' lang='lat' dir='ltr'><strong>terrestris</strong></span> <span class='ocrx_word' id='word_1_190' title='bbox 717 3497 770 3554; x_wconf 91' lang='lat' dir='ltr'><strong>est</strong></span> <span class='ocrx_word' id='word_1_191' title='bbox 784 3490 979 3572; x_wconf 78' lang='lat' dir='ltr'><strong>paradisus,</strong></span> <span class='ocrx_word' id='word_1_192' title='bbox 994 3490 1085 3554; x_wconf 88' lang='lat' dir='ltr'><strong>unde</strong></span> 
     </span>
     <span class='ocr_line' id='line_1_31' title="bbox 137 3589 1085 3677; baseline 0 -23"><span class='ocrx_word' id='word_1_193' title='bbox 137 3593 369 3677; x_wconf 89' lang='lat' dir='ltr'><strong>propeccatis</strong></span> <span class='ocrx_word' id='word_1_194' title='bbox 391 3593 464 3656; x_wconf 90' lang='lat' dir='ltr'><strong>suis</strong></span> <span class='ocrx_word' id='word_1_195' title='bbox 487 3593 618 3675; x_wconf 88' lang='lat' dir='ltr'><strong>ejectus</strong></span> <span class='ocrx_word' id='word_1_196' title='bbox 641 3597 695 3654; x_wconf 90' lang='lat' dir='ltr'><strong>est</strong></span> <span class='ocrx_word' id='word_1_197' title='bbox 715 3590 817 3654; x_wconf 91' lang='lat' dir='ltr'><strong>homo</strong></span> <span class='ocrx_word' id='word_1_198' title='bbox 839 3591 989 3674; x_wconf 87' lang='lat' dir='ltr'><strong>primus,</strong></span> <span class='ocrx_word' id='word_1_199' title='bbox 1004 3589 1085 3654; x_wconf 87' lang='lat' dir='ltr'><strong>hinc</strong></span> 
     </span>
     <span class='ocr_line' id='line_1_32' title="bbox 136 3690 1085 3777; baseline -0.002 -21"><span class='ocrx_word' id='word_1_200' title='bbox 136 3713 220 3756; x_wconf 86' lang='lat' dir='ltr'><strong>vero</strong></span> <span class='ocrx_word' id='word_1_201' title='bbox 250 3691 417 3777; x_wconf 88' lang='lat' dir='ltr'><strong>expulsus</strong></span> <span class='ocrx_word' id='word_1_202' title='bbox 442 3692 479 3755; x_wconf 91' lang='lat' dir='ltr'><strong>in</strong></span> <span class='ocrx_word' id='word_1_203' title='bbox 501 3691 673 3754; x_wconf 93' lang='lat' dir='ltr'><strong>miseriam</strong></span> <span class='ocrx_word' id='word_1_204' title='bbox 698 3690 794 3754; x_wconf 88' lang='lat' dir='ltr'><strong>illam</strong></span> <span class='ocrx_word' id='word_1_205' title='bbox 818 3691 995 3774; x_wconf 89' lang='lat' dir='ltr'><strong>projectus</strong></span> <span class='ocrx_word' id='word_1_206' title='bbox 1020 3697 1085 3768; x_wconf 89' lang='lat' dir='ltr'><strong>est,</strong></span> 
     </span>
     <span class='ocr_line' id='line_1_33' title="bbox 136 3789 1086 3874; baseline -0.001 -20"><span class='ocrx_word' id='word_1_207' title='bbox 136 3792 172 3855; x_wconf 92' lang='lat' dir='ltr'><strong>in</strong></span> <span class='ocrx_word' id='word_1_208' title='bbox 194 3812 265 3874; x_wconf 86' lang='lat' dir='ltr'><strong>qua</strong></span> <span class='ocrx_word' id='word_1_209' title='bbox 283 3792 439 3857; x_wconf 90' lang='lat' dir='ltr'><strong>homines</strong></span> <span class='ocrx_word' id='word_1_210' title='bbox 459 3791 676 3869; x_wconf 82' lang='lat' dir='ltr'><strong>moriuntur3</strong></span> <span class='ocrx_word' id='word_1_211' title='bbox 703 3810 748 3853; x_wconf 86' lang='lat' dir='ltr'><strong>ex</strong></span> <span class='ocrx_word' id='word_1_212' title='bbox 773 3789 873 3873; x_wconf 91' lang='lat' dir='ltr'><strong>cujus</strong></span> <span class='ocrx_word' id='word_1_213' title='bbox 895 3810 999 3854; x_wconf 90' lang='lat' dir='ltr'><strong>carne</strong></span> <span class='ocrx_word' id='word_1_214' title='bbox 1022 3809 1086 3853; x_wconf 93' lang='lat' dir='ltr'><strong>nos</strong></span> 
     </span>
     <span class='ocr_line' id='line_1_34' title="bbox 137 3891 1086 3975; baseline -0.003 -19"><span class='ocrx_word' id='word_1_215' title='bbox 137 3912 256 3958; x_wconf 89' lang='lat' dir='ltr'><strong>omnes</strong></span> <span class='ocrx_word' id='word_1_216' title='bbox 279 3891 476 3975; x_wconf 87' lang='lat' dir='ltr'><strong>propagati,</strong></span> <span class='ocrx_word' id='word_1_217' title='bbox 499 3892 592 3955; x_wconf 92' lang='lat' dir='ltr'><strong>etin</strong></span> <span class='ocrx_word' id='word_1_218' title='bbox 615 3897 758 3972; x_wconf 89' lang='lat' dir='ltr'><strong>peccato</strong></span> <span class='ocrx_word' id='word_1_219' title='bbox 785 3891 944 3971; x_wconf 85' lang='lat' dir='ltr'><strong>originali</strong></span> <span class='ocrx_word' id='word_1_220' title='bbox 967 3910 1086 3954; x_wconf 89' lang='lat' dir='ltr'><strong>omnes</strong></span> 
     </span>
     <span class='ocr_line' id='line_1_35' title="bbox 139 3988 1085 4075; baseline 0 -21"><span class='ocrx_word' id='word_1_221' title='bbox 139 3993 225 4069; x_wconf 83' lang='lat' dir='ltr'><strong>nati,</strong></span> <span class='ocrx_word' id='word_1_222' title='bbox 240 4012 302 4075; x_wconf 93' lang='lat' dir='ltr'><strong>per</strong></span> <span class='ocrx_word' id='word_1_223' title='bbox 319 3992 422 4055; x_wconf 89' lang='lat' dir='ltr'><strong>fidem</strong></span> <span class='ocrx_word' id='word_1_224' title='bbox 439 3991 580 4054; x_wconf 92' lang='lat' dir='ltr'><strong>Domini</strong></span> <span class='ocrx_word' id='word_1_225' title='bbox 596 3990 706 4054; x_wconf 93' lang='lat' dir='ltr'><strong>nostri</strong></span> <span class='ocrx_word' id='word_1_226' title='bbox 717 3990 740 4053; x_wconf 90' lang='lat' dir='ltr'><strong>J</strong></span> <span class='ocrx_word' id='word_1_227' title='bbox 743 4010 804 4053; x_wconf 90' lang='lat' dir='ltr'><strong>esu</strong></span> <span class='ocrx_word' id='word_1_228' title='bbox 822 3988 964 4066; x_wconf 88' lang='lat' dir='ltr'><strong>Christi,</strong></span> <span class='ocrx_word' id='word_1_229' title='bbox 981 4010 1085 4073; x_wconf 89' lang='lat' dir='ltr'><strong>quam</strong></span> 
     </span>
     <span class='ocr_line' id='line_1_36' title="bbox 137 4089 1086 4175; baseline 0.002 -22"><span class='ocrx_word' id='word_1_230' title='bbox 137 4091 171 4154; x_wconf 93' lang='lat' dir='ltr'><strong>in</strong></span> <span class='ocrx_word' id='word_1_231' title='bbox 196 4092 407 4175; x_wconf 89' lang='lat' dir='ltr'><strong>baptismate</strong></span> <span class='ocrx_word' id='word_1_232' title='bbox 439 4090 664 4172; x_wconf 89' lang='lat' dir='ltr'><strong>suscepimus,</strong></span> <span class='ocrx_word' id='word_1_233' title='bbox 690 4091 734 4153; x_wconf 92' lang='lat' dir='ltr'><strong>ad</strong></span> <span class='ocrx_word' id='word_1_234' title='bbox 767 4089 858 4153; x_wconf 89' lang='lat' dir='ltr'><strong>huno</strong></span> <span class='ocrx_word' id='word_1_235' title='bbox 888 4091 1086 4172; x_wconf 89' lang='lat' dir='ltr'><strong>paradisum</strong></span> 
     </span>
     <span class='ocr_line' id='line_1_37' title="bbox 140 4190 1086 4276; baseline 0.004 -24"><span class='ocrx_word' id='word_1_236' title='bbox 140 4194 266 4258; x_wconf 88' lang='lat' dir='ltr'><strong>reversi</strong></span> <span class='ocrx_word' id='word_1_237' title='bbox 283 4210 402 4256; x_wconf 88' lang='lat' dir='ltr'><strong>sumus</strong></span> <span class='ocrx_word' id='word_1_238' title='bbox 420 4210 428 4272; x_wconf 92' lang='lat'>;</span> <span class='ocrx_word' id='word_1_239' title='bbox 452 4197 499 4268; x_wconf 89' lang='lat' dir='ltr'><strong>et,</strong></span> <span class='ocrx_word' id='word_1_240' title='bbox 516 4190 678 4274; x_wconf 87' lang='lat' dir='ltr'><strong>quoniam</strong></span> <span class='ocrx_word' id='word_1_241' title='bbox 702 4198 781 4271; x_wconf 92' lang='lat' dir='ltr'><strong>post</strong></span> <span class='ocrx_word' id='word_1_242' title='bbox 795 4190 874 4254; x_wconf 91' lang='lat' dir='ltr'><strong>fidei</strong></span> <span class='ocrx_word' id='word_1_243' title='bbox 897 4194 1086 4276; x_wconf 89' lang='lat' dir='ltr'><strong>susceptio-</strong></span> 
     </span>
    </p>
   </div>
   <div class='ocr_carea' id='block_1_5' title="bbox 1093 616 1244 716">
    <p class='ocr_par' dir='ltr' id='par_1_5' title="bbox 1093 616 1244 716">
     <span class='ocr_line' id='line_1_38' title="bbox 1093 616 1218 658; baseline -0.032 0"><span class='ocrx_word' id='word_1_244' title='bbox 1093 616 1150 658; x_wconf 70' lang='grc' dir='ltr'><strong>Μ).</strong></span> <span class='ocrx_word' id='word_1_245' title='bbox 1161 617 1218 655; x_wconf 77' lang='lat'>11⁵³.</span> 
     </span>
     <span class='ocr_line' id='line_1_39' title="bbox 1094 665 1244 716; baseline -0.02 -10"><span class='ocrx_word' id='word_1_246' title='bbox 1094 665 1244 716; x_wconf 76' lang='lat' dir='ltr'><strong>Legendotthe</strong></span> 
     </span>
    </p>
   </div>
   <div class='ocr_carea' id='block_1_6' title="bbox 1093 716 1239 808">
    <p class='ocr_par' dir='ltr' id='par_1_6' title="bbox 1093 716 1239 808">
     <span class='ocr_line' id='line_1_40' title="bbox 1093 716 1239 808; baseline 0 0"><span class='ocrx_word' id='word_1_247' title='bbox 1093 716 1239 808; x_wconf 55' lang='lat' dir='ltr'><strong>slew</strong></span> 
     </span>
    </p>
   </div>
   <div class='ocr_carea' id='block_1_7' title="bbox 0 0 1419 4882">
    <p class='ocr_par' dir='ltr' id='par_1_7' title="bbox 0 0 1419 4882">
     <span class='ocr_line' id='line_1_41' title="bbox 0 0 1419 4882; baseline 0 0"><span class='ocrx_word' id='word_1_248' title='bbox 0 0 1419 4882; x_wconf 95' lang='lat' dir='ltr'><strong> </strong></span> 
     </span>
    </p>
   </div>
  </div>
 </body>
</html>
